3736 5784
784 729 824 744 ..
844 703 880 760 Π
902 733 943 746 .-

313 854 382 926 que
397 853 495 903 nunc
509 831 547 904 in
560 829 847 924 intemperantia,
864 834 1012 907 nuncin
1027 838 1180 930 egestate
1197 829 1359 925 degunt?
1375 834 1425 904 Ex

313 954 465 1043 utroque
483 947 580 1020 enirn
596 948 748 1043 pravitas
763 948 876 1022 oritur
892 947 958 1047 (l)
977 977 993 1016 u

360 1062 456 1134 Alias
475 1085 597 1136 causas
615 1063 690 1159 jam
714 1069 817 1138 antea
842 1063 938 1137 Plato
963 1070 997 1136 et
1018 1063 1124 1139 altius
1150 1069 1372 1162 perspexerat
1390 1071 1424 1137 et

312 1176 478 1252 subtilius
493 1186 720 1274 expresserat.
739 1181 898 1252 Primum
922 1181 1064 1254 inanem
1082 1181 1273 1255 hominum
1293 1181 1423 1255 fastum

312 1301 415 1390 atque
433 1293 696 1367 intolerabilem
718 1295 939 1391 jactantiam,
962 1318 1046 1369 cum
1070 1321 1210 1372 summa
1233 1321 1355 1372 rerum
1370 1298 1424 1370 in·

313 1409 411 1483 scitia
433 1409 661 1505 conjunctam
688 1409 726 1481 in
750 1412 833 1483 lone
853 1411 1007 1507 Ephesio
1029 1411 1179 1502 effinxit,
1200 1413 1238 1484 in
1262 1437 1333 1510 quo
1351 1435 1424 1486 non

313 1525 423 1622 magis
439 1524 656 1622 rhapsodum
672 1526 790 1622 ipsum
805 1550 913 1623 quam
936 1533 1049 1601 totum
1068 1529 1291 1602 scenicorum
1313 1551 1426 1624 genus

312 1665 333 1715 a
365 1665 401 1714 se
433 1642 621 1739 perstringi
653 1640 853 1716 admonuit.
886 1643 1022 1717 Deinde
1047 1644 1200 1718 ostendit
1226 1666 1335 1742 quam
1360 1643 1424 1717 de-

312 1759 419 1831 missa
433 1759 476 1831 sit
491 1764 526 1832 et
539 1758 686 1832 humilis
699 1760 825 1855 reipsa,
838 1761 977 1834 etiamsi
993 1761 1109 1858 specie
1119 1766 1153 1834 et
1167 1760 1292 1836 habitu
1311 1760 1426 1858 splen-

313 1873 407 1966 dida,
426 1898 552 1948 eorum
570 1875 727 1950 conditio
741 1877 802 1971 qui
816 1877 880 1949 toti
895 1900 914 1950 e
928 1878 1056 1972 plausu
1077 1884 1138 1952 aut
1154 1876 1265 1951 sibilis
1280 1875 1427 1952 audien·

311 1993 401 2065 tium
431 1991 626 2089 pendeant,
654 1993 715 2089 qui
742 1999 859 2067 motus
883 1994 994 2067 animi
1017 1992 1062 2066 ad
1090 1993 1323 2090 placendum,
1352 2017 1424 2068 non

312 2108 434 2205 gloriae
457 2108 585 2200 solum,
602 2107 663 2184 sed
687 2110 779 2184 lucri
798 2134 940 2208 quoque
959 2133 1078 2198 causa,
1097 2116 1325 2206 componant.

360 2224 510 2298 Maxime
527 2248 610 2298 vero
633 2225 805 2322 probarit,
833 2232 1004 2323 perpetua
1023 2226 1137 2300 aliena
1155 2224 1318 2300 imitandi
1337 2247 1426 2299 con-

312 2339 514 2429 suetudine,
533 2340 617 2414 viria
630 2340 789 2437 imprimi
805 2350 866 2414 aut
879 2340 993 2414 allini.
1010 2339 1112 2427 Quod
1125 2342 1256 2438 jamin
1273 2341 1427 2414 novitate

311 2457 364 2529 rei
385 2457 545 2545 scenicae,
569 2461 750 2530 notaverat
769 2457 865 2548 Solo,
883 2458 935 2530 vir
954 2457 1051 2529 mitis
1070 2457 1229 2554 alioquin
1246 2457 1427 2553 sapientia

312 2595 428 2670 neque
443 2596 463 2646 a
477 2572 717 2670 voluptatibus
737 2574 972 2650 abhorrentis.

361 2693 460 2764 Hanc
472 2689 760 2786 disputationem,
775 2690 939 2788 quamde
954 2693 1105 2790 integro,
1122 2690 1302 2765 acerrimis
1315 2690 1428 2764 utrin-

312 2829 382 2903 que
406 2805 542 2895 studiis,
573 2808 787 2882 recentiores
818 2814 1024 2896 moverunt,
1054 2809 1225 2904 attingere
1252 2808 1320 2881 hoc
1348 2807 1427 2882 loco

312 2948 385 2999 non
408 2923 507 2998 libet.
526 2928 740 3023 Quanquam
759 2927 855 3000 enim
877 2926 988 3000 multa
1012 2931 1047 3000 et
1067 2924 1245 2998 subtiliter
1261 2930 1297 2999 et
1315 2923 1428 2998 vehe-

312 3046 449 3115 menter
462 3046 539 3115 acta
554 3046 650 3131 sunt,
668 3040 836 3139 pleraque
853 3050 972 3116 tamen
991 3041 1035 3116 ab
1055 3043 1131 3139 ipso
1147 3040 1295 3114 artificio
1314 3040 1428 3114 aliena

312 3159 523 3248 afferuntur,
546 3157 676 3254 quibus
704 3182 758 3232 res
783 3160 859 3256 ipsa
885 3158 1050 3255 impediri
1076 3167 1110 3233 et
1133 3157 1314 3233 obscurari
1339 3156 1427 3230 mihi

313 3272 461 3348 videtur.
490 3279 531 3347 ln
558 3275 707 3348 scenicis
726 3283 844 3349 autem
865 3277 990 3372 graecis
1009 3277 1120 3372 magis
1140 3273 1237 3349 nuda
1255 3273 1427 3370 perspici-

313 3398 381 3478 tur,
403 3397 438 3464 et
452 3390 595 3487 planius
610 3399 757 3488 apparet
771 3393 978 3488 pravitatem
995 3391 1208 3489 plerumque
1223 3414 1266 3464 ex
1278 3391 1356 3487 ipso
1372 3412 1429 3463 ar-

313 3507 422 3579 tilicio
437 3507 644 3580 necessitate
657 3508 812 3603 quadam
827 3508 926 3581 oriri.
942 3512 1064 3604 Neque
1079 3509 1188 3597 enim,
1204 3504 1426 3603 praejudicio,

313 3622 496 3718 religionis
518 3646 635 3712 causa,
658 3626 832 3698 sententia
852 3623 896 3697 de
910 3625 1033 3722 graecis
1051 3623 1246 3697 artificibus
1261 3623 1344 3696 ferri
1363 3646 1428 3718 po·

314 3739 394 3827 tuit,
411 3763 500 3834 qnos
514 3747 639 3813 contra
655 3763 771 3814 sacros
791 3742 955 3814 homines
978 3764 1052 3815 esse
1071 3746 1106 3813 et
1118 3741 1179 3836 pio
1194 3737 1343 3813 deorum
1358 3739 1427 3811 rni-

314 3857 458 3931 nisterio
482 3857 579 3954 longi
610 3858 743 3932 Graecia
771 3859 935 3932 universa
961 3858 1182 3932 existimavit.
1209 3861 1282 3932 Nec
1307 3880 1428 3931 rursus

315 3979 436 4046 notam
461 3973 556 4046 illam
582 3975 843 4048 excusationem
862 3973 988 4047 ailerre
1009 3973 1123 4063 licuit,
1144 3973 1275 4047 scilicet
1294 3980 1426 4048 cetero·

316 4114 396 4162 rum
422 4097 628 4186 contemptu
654 4091 812 4164 scenicos
834 4091 871 4162 in
893 4091 1021 4164 suimet
1042 4097 1285 4187 contemptum
1304 4091 1429 4186 praeci-

314 4207 404 4301 pites
423 4208 490 4304 agi,
513 4231 625 4305 quum
650 4207 686 4280 id
705 4207 896 4280 artificium
924 4206 1017 4280 nulli
1041 4205 1135 4304 apud
1155 4210 1294 4280 Graecos
1311 4229 1428 4303 neque

314 4323 443 4418 pudori
469 4345 585 4420 neque
611 4321 775 4398 dedecori
802 4345 961 4420 unquam
989 4323 1096 4396 luisse
1112 4323 1316 4416 viderimus,
1339 4323 1425 4412 imo,

357 4611 398 4697 (l)
420 4613 561 4690 Aristot.‚
578 4612 740 4691 Probum„
760 4615 853 4694 XXX,
873 4618 919 4680 10.
944 4615 1004 4690 Qui
1016 4614 1104 4678 locus
1119 4613 1291 4697 exscriptus
1311 4614 1427 4697 legitur

316 4717 347 4772 et
360 4710 443 4790 apud
459 4710 593 4772 Gellium
607 4712 686 4790 (XX,
703 4713 746 4788 ll.
