3736 5784
791 658 952 718 -93..

362 790 445 859 Hac
473 785 623 861 breviter
639 792 832 882 praetereo,
863 787 1034 883 qnoniam
1065 785 1108 859 dc
1132 784 1290 881 collegiis
1319 784 1425 857 modo

313 901 488 972 artificum
511 924 708 998 gracorum
731 900 910 999 disputare
933 903 1082 990 institui,
1106 924 1261 997 quorum
1286 899 1426 972 nullum

313 1023 587 1090 monumentum
604 1016 699 1113 quod
723 1019 767 1091 ad
795 1041 836 1092 ea
857 1025 1016 1114 tempora
1032 1018 1153 1091 referri
1169 1022 1287 1115 queat,
1307 1015 1426 1090 adhuc

312 1133 480 1205 innotuit.
507 1132 574 1206 Sed
591 1134 664 1230 jam
694 1135 777 1208 inde
804 1135 848 1208 ab
869 1136 1047 1208 Hadriano
1069 1159 1123 1208 res
1141 1135 1284 1208 Graeciae
1304 1157 1426 1205 rursus

311 1248 560 1340 cilloruerunt,
583 1255 680 1347 quasi
703 1274 723 1323 a
742 1251 850 1346 stirpe
875 1258 1021 1325 renatae.
1045 1252 1127 1336 Qui,
1149 1274 1262 1347 quum
1287 1253 1427 1322 Gracos

310 1365 501 1454 adamaret,
524 1367 644 1438 omnia
659 1367 829 1463 exemplis
854 1373 888 1440 et
908 1367 1093 1440 beneficiis
1112 1369 1221 1440 erexit
1239 1366 1294 1439 vel
1316 1365 1423 1453 auxit,

309 1481 467 1556 Athenas
494 1490 619 1579 quater
641 1483 739 1573 adiit,
774 1484 948 1556 Graeciam
973 1484 1045 1558 lere
1071 1490 1181 1558 totam
1214 1482 1423 1580 peragravit.

310 1599 350 1668 ln
364 1598 537 1672 honorem
554 1599 723 1674 Hadriani
737 1607 772 1674 et
785 1602 959 1675 Antonini
974 1600 1121 1698 plurimi
1143 1601 1237 1673 tituli
1252 1601 1287 1672 in
1308 1599 1427 1674 omni-

308 1713 375 1787 bus
404 1715 603 1789 civitatibus
631 1718 832 1813 compositi,
854 1717 1019 1814 plurimae
1035 1724 1187 1792 monctae
1217 1715 1425 1790 eorumdem

310 1830 465 1928 effigiem
492 1856 576 1906 cum
590 1833 756 1907 laudibus
773 1835 944 1907 referunt.
964 1836 1053 1922 Quae
1069 1835 1191 1907 omnia
1210 1857 1284 1906 non
1304 1833 1424 1906 effusae

309 1945 523 2022 adulationis
537 1957 618 2022 sunt
630 1951 841 2038 testimonia,
861 1950 920 2024 sed
941 1952 1060 2047 gratias
1076 1973 1141 2048 pro
1161 1949 1345 2023 beneficiis
1362 1949 1424 2019 in-

308 2063 473 2159 gentibus
495 2064 627 2138 relatae.
650 2064 757 2139 Nulla
774 2067 868 2139 enim
888 2066 961 2140 lere
979 2073 1061 2139 sunt
1076 2065 1224 2138 Graeciae
1247 2071 1308 2138 aut
1329 2064 1423 2136 Asiae

310 2181 438 2254 rudera
452 2182 488 2253 in
504 2182 635 2279 quibus
650 2206 725 2280 non
738 2184 782 2254 sit
793 2182 959 2256 effossum
975 2180 1124 2280 aliquod
1138 2181 1330 2256 aedisrcium
1346 2183 1423 2252 An-

311 2299 517 2370 toninorum
537 2306 639 2373 aetate
665 2304 837 2372 erectum.
857 2299 1055 2371 iustissima
1079 2299 1186 2394 igitur
1205 2298 1344 2371 videtur
1363 2295 1425 2368 illa

309 2413 466 2488 laudatio
486 2438 594 2511 quam
615 2414 788 2511 Delphico
808 2415 917 2511 lapidi
936 2416 1143 2512 inscriptam
1164 2414 1242 2488 erui
1264 2439 1272 2488 :

366 2560 381 2598 v
396 2531 604 2627 Imperatori
618 2532 797 2605 Hadriano
813 2533 979 2606 servatori
1001 2533 1062 2629 qui
1085 2555 1185 2605 suam
1204 2532 1315 2627 ipsius
1329 2531 1424 2602 (1111-

310 2647 401 2720 ciam
430 2649 763 2738 1111111111111111,
800 2651 913 2723 Graeci
939 2651 1001 2746 qui
1032 2649 1178 2722 Plataeas
1207 2648 1423 2722 conveniunt

309 2765 428 2860 gratia
449 2771 723 2838 monumentum
740 2771 994 2840 consecrarunt
1013 2763 1078 2863 (l).
1100 2794 1115 2832 u

358 2883 484 2976 Aque
519 2905 744 2979 nequaquam
773 2882 971 2980 neglectam
1001 2882 1107 2953 luisse
1135 2903 1209 2953 rem
1246 2879 1422 2952 scenicam

311 2997 392 3069 satis
414 2997 548 3071 indicat
567 2999 745 3073 theatrum
769 3001 1019 3096 Dionysiacum
1048 2997 1193 3070 Athenis
1219 2994 1422 3068 absolutum

310 3121 343 3186 11
362 3112 459 3186 illius
477 3115 588 3188 titulis
606 3117 787 3188 relertum.
810 3121 953 3189 Mutatae
978 3137 1120 3211 quoque
1143 3114 1178 3185 in
1204 3112 1352 3198 melius,
1381 3133 1423 3183 eo

311 3238 493 3327 regnante,
522 3239 556 3305 et
582 3239 693 3306 auctae
716 3257 771 3306 res
795 3233 1018 3307 scenicorum
1041 3229 1286 3327 collegiorum.
1323 3227 1423 3299 Tunc

311 3348 406 3420 enim
431 3372 543 3421 unum
568 3372 610 3421 ex
627 3348 795 3422 omnibus
815 3349 1009 3424 conllatum
1030 3355 1081 3421 est
1108 3347 1219 3444 quod,
1243 3342 1370 3417 Bacchi
1389 3346 1423 3415 et

310 3623 393 3703 giaco,
410 3644 474 3686 noo.
489 3645 559 3701 ser„
578 3630 686 3688 201-
697 3627 882 3707 Nuperrime
897 3626 993 3687 etiam
1005 3627 1112 3685 Romae
1125 3623 1275 3684 effossum
1287 3619 1424 3700 lapidem

312 3719 411 3780 edidit
433 3721 566 3781 Henzcn.
592 3743 607 3780 1
622 3722 656 3792 Q.
681 3721 819 3800 Sulpicio
841 3722 876 3792 Q.
897 3720 919 3780 f.
935 3719 1075 3790 Claudia,
1100 3719 1193 3779 domo
1212 3718 1327 3792 ltoma3
1349 3715 1427 3776 vixit

314 3832 411 3873 annos
426 3815 477 3889 xl,
493 3832 615 3875 menses
630 3815 784 3894 quinque,
802 3815 867 3875 dies
882 3813 1058 3875 duodecim.
1071 3812 1234 3872 Hictcrtio
1249 3808 1426 3870 certaminis

313 3905 412 3967 lustro
426 3908 509 3968 iuter
523 3927 640 3986 graecos
655 3913 762 3987 poetas
776 3908 854 3968 duos
866 3912 896 3967 et
910 3906 1140 3986 quinquaginta
1154 3905 1321 3984 professus,
1342 3902 1427 3964 favo·

314 4017 381 4058 rem
402 4018 497 4079 quem
510 4000 550 4060 ob
564 4007 706 4061 teneram
722 4007 847 4060 aetatem
861 4001 1052 4060 excitaverat
1068 3999 1102 4058 in
1121 3997 1363 4057 admirationem
1379 3995 1428 4055 in-

315 4093 408 4170 genio
422 4113 478 4154 sno
492 4094 638 4174 perduxit
651 4101 683 4154 et
696 4113 768 4154 oum
778 4095 897 4154 honore
908 4093 1057 4154 discessit.
1071 4094 1187 4154 Versus
1201 4089 1428 4169 extemporales

315 4206 352 4267 eo
373 4188 505 4266 subjecti
525 4195 657 4249 suntne
678 4194 822 4268 parentes
842 4185 1015 4248 adfectibus
1036 4187 1098 4248 suis
1115 4184 1280 4245 indulsisse
1301 4183 1428 4244 videan-

314 4285 376 4342 tur.
390 4303 405 4339 u
421 4283 570 4362 Sequitur
582 4301 707 4343 carmen
720 4300 858 4361 graecum
869 4281 1079 4360 extemporalc
1092 4279 1230 4340 versibus
1239 4277 1429 4340 hexametris

313 4381 499 4454 conceptum
511 4377 600 4455 cujus
614 4381 837 4455 argumentum
850 4376 925 4436 satis
939 4375 1000 4436 erit
1012 4373 1129 4434 1111111
1143 4395 1150 4431 :
1167 4394 1181 4431 1
1194 4371 1314 4443 Quibus
1324 4370 1429 4433 verbis

313 4468 434 4547 Jupiter
456 4469 561 4531 Solem
580 4469 735 4531 incusavit
758 4469 842 4549 quod
861 4466 1052 4529 Phaethonti
1071 4484 1198 4528 currum
1218 4465 1425 4526 tradiderit.»

314 4560 423 4622 Bollct.
437 4562 536 4626 Instit.
552 4564 645 4638 arch,
664 4567 752 4638 1871,
770 4583 801 4643 p.
819 4564 922 4626 39311
937 4582 982 4642 sq.

354 4655 397 4736 (l)
419 4659 621 4737 inscriptions
637 4658 769 4719 ine'ditcs
784 4657 822 4718 de
836 4657 982 4736 Delphes,
998 4658 1067 4718 168.
