3736 5784
728 731 885 791 ..59-

253 862 309 934 nis
325 860 465 935 lucrant
482 868 522 936 ut
542 886 646 935 suum
666 885 816 960 quaeque
837 859 949 934 tribus
968 853 1266 958 dithyrambicum
1280 885 1363 959 poe·

254 985 325 1050 tam
352 975 481 1066 aleret,
513 978 626 1052 multo
652 979 769 1050 minor
792 1001 834 1051 ea
857 983 958 1051 aetate
983 977 1082 1052 loeus
1112 978 1191 1050 luit.
1222 981 1300 1053 Uuo
1324 980 1362 1051 iu

252 1094 459 1183 certamine,
487 1095 523 1168 iu
549 1095 724 1169 honorem
749 1093 857 1168 Attali
880 1094 1053 1182 instituto,
1084 1093 1362 1190 dithyrambious

252 1215 355 1305 poeta
367 1211 583 1284 nominatur.
603 1214 652 1284 Ex
666 1211 733 1284 hoc
747 1216 865 1283 tamen
879 1209 1015 1306 aliquid
1028 1209 1221 1298 lucramur;
1235 1233 1363 1309 nempe

253 1348 395 1400 carmen
410 1319 550 1400 uictoris
567 1329 812 1424 Proserpinam
835 1327 1046 1422 inscriptum
1067 1327 1173 1401 luisse
1191 1334 1227 1400 et
1245 1351 1364 1402 versus

253 1443 327 1538 ejus
344 1445 482 1539 generis
500 1442 544 1516 ad
569 1444 739 1516 citharam
764 1445 843 1516 cani
867 1441 930 1542 (1).
951 1441 1159 1517 Prosodious
1187 1451 1221 1516 et
1243 1443 1364 1541 dithy-

253 1558 431 1633 rambicus
448 1559 566 1655 lyricis
585 1559 720 1633 ratibus
738 1559 915 1634 inserendi
933 1566 1030 1632 sunt.

302 1675 512 1747 Dramatioae
531 1697 676 1772 poeseos
696 1674 801 1771 longe
817 1675 929 1771 major
958 1674 1025 1748 fuit
1046 1675 1179 1764 honos;
1213 1700 1297 1750 nam
1325 1677 1362 1749 in

260 1788 437 1886 plerisque
456 1789 549 1863 ludis
563 1798 812 1887 proponuntur
826 1791 972 1887 praemia
984 1791 1112 1865 fabulis
1131 1794 1283 1891 tragicis,
1299 1817 1366 1868 oo-

257 1907 625 2004 micis,satyricis.lta,
635 1908 663 1979 si
674 1913 830 1982 nouarte
841 1907 1059 2004 etpraeclaris
1069 1909 1249 2004 operibus,
1261 1912 1362 2007 copia

259 2022 382 2096 saltem
402 2022 603 2098 fabularum
623 2024 742 2097 ssoruit
756 2025 833 2097 haeo
853 2032 949 2097 aetas.
971 2025 1190 2123 Tetralogiis,
1213 2032 1253 2098 ut
1267 2029 1365 2100 anti-

257 2141 389 2236 quitus,
403 2163 630 2236 nequaquam
641 2145 812 2214 certatum
825 2147 928 2237 puto;
941 2164 1054 2238 quum
1067 2142 1103 2214 in
1119 2140 1221 2215 titulo
1234 2142 1364 2238 Oropia

254 2263 357 2351 poeta
375 2257 567 2353 tragoedia,
586 2280 658 2331 nou
672 2255 921 2355 tragaediarum
937 2256 1162 2348 inscribatur,
1180 2256 1364 2353 probabile

254 2378 306 2444 est
326 2395 433 2446 unam
448 2371 554 2446 modo
570 2371 728 2446 fabulam
745 2372 893 2470 prolerri
907 2373 1046 2447 solitam
1060 2372 1125 2473 (2).
1143 2373 1194 2446 De
1207 2373 1364 2448 dramate

257 2491 418 2586 satyrico,
437 2492 519 2564 satis
536 2499 673 2565 constat
688 2493 763 2589 Jam
782 2515 803 2565 a
822 2492 1000 2588 tragoediis
1019 2493 1220 2589 sejunctum
1240 2492 1361 2579 luisse,

255 2632 367 2707 quum
382 2631 456 2682 nou
476 2608 585 2682 semel
601 2616 764 2683 occurrat
783 2611 917 2683 mentio
933 2614 1117 2706 poetarum
1135 2611 1365 2707 satyricorum

254 2750 337 2800 cum
359 2725 511 2822 propriis
537 2725 726 2800 actoribus.
751 2725 911 2821 Exempli
936 2747 1042 2798 causa
1069 2727 1213 2800 titulum
1239 2728 1365 2802 Teium

254 2842 433 2940 proferam
451 2866 460 2914 ε
481 2842 659 2938 «Satyris,
680 2843 842 2915 Anaxion
861 2839 1097 2938 Thrasyclidis
1118 2842 1340 2938 Mityleuaeus
1352 2871 1361 2932 ;

254 2960 425 3046 dramate,
455 2959 568 3031 Persis
577 2985 586 3046 ;
614 2957 738 3054 agebat
762 2958 987 3054 Asclepiades
1023 2958 1190 3032 Heracliti
1221 2958 1364 3033 Chalci-

256 3075 375 3148 densis
395 3071 461 3171 (3).
491 3104 507 3139 s
530 3073 649 3161 Quum
668 3072 775 3147 Attali
797 3073 1019 3170 temporibus
1046 3074 1190 3148 nullum
1209 3076 1284 3172 Jam
1307 3100 1365 3148 sn-

255 3195 409 3287 peresset
434 3192 619 3263 Persarum
641 3213 815 3287 regnum,
845 3189 969 3263 debuit
998 3192 1167 3286 satyricus
1197 3189 1374 3288 poetaid,

258 3310 507 3402 argumentum
529 3328 548 3377 e
567 3304 674 3378 rebus
692 3311 851 3379 veterum
880 3308 1065 3380 Persarum
1085 3329 1237 3398 sumere,
1265 3313 1326 3381 aut
1344 3330 1364 3379 e

255 3421 388 3494 recenti
407 3411 515 3518 regn'o
534 3422 745 3495 Parthorum
764 3445 852 3519 quos
870 3426 989 3496 Persas
1008 3422 1220 3521 plerumque
1239 3426 1364 3498 aGrae·

256 3538 306 3610 cis
321 3536 550 3633 scriptoribus
565 3536 677 3612 dictos
692 3538 798 3613 luisse
813 3539 956 3611 scimus.

182 3668 186 3676 '
305 3655 409 3729 Haud
423 3655 550 3729 inutile
575 3656 727 3730 arbitror
751 3657 968 3730 evicturum
994 3655 1160 3753 catalogis
1179 3661 1363 3733 ostendere

180 3837 185 3848 .
256 3795 364 3870 quam
388 3772 457 3846 late
480 3773 633 3869 patuerit
653 3773 709 3845 his
730 3771 951 3870 temporibus
975 3775 1175 3846 carminum
1205 3776 1367 3849 studium

256 3895 289 3962 ot
303 3888 440 3985 poetica
459 3885 620 3961 facultas.
636 3888 784 3984 luepica
796 3888 894 3987 poesi
906 3889 1066 3962 vicerunt
1083 3894 1153 3961 tres
1170 3889 1309 3989 Boeoti(
1334 3890 1360 3994 ),

297 4165 339 4247 (l)
361 4166 403 4226 Le
415 4167 475 4226 Bas
490 4170 521 4225 et
533 4165 757 4245 Waddington,
773 4165 866 4226 lusor.
883 4165 1204 4241 discessionem.

296 4259 338 4338 (P)
360 4259 520 4338 Rangabe,
540 4259 643 4338 Antip.
660 4259 778 4335 bellem,
793 4263 862 4336 961,
879 4261 965 4328 lus.

296 4352 336 4432 (3)
359 4354 402 4414 Le
419 4354 478 4412 Bas
499 4359 530 4413 et
550 4353 773 4432 Waddiugton,
794 4355 888 4415 lusor.
911 4353 1162 4430 d'Asr'eMt'ucure,
1178 4358 1233 4432 913
1250 4356 1289 4417 cf.
1314 4359 1364 4432 92,

256 4449 306 4508 93.
320 4448 413 4507 -Le
431 4448 502 4520 Bas,
524 4449 554 4508 3ο
567 4450 674 4527 portic,
690 4449 766 4522 6223
786 4448 823 4509 cf.
845 4451 915 4510 584.
928 4449 1159 4524 -Decharmc,
1179 4448 1368 4530 Inscra'ptious
1479 4512 1481 4524 ‚

257 4539 290 4600 de
305 4541 334 4601 lo
349 4539 459 4615 Be'otr'e,
475 4543 523 4613 26,
538 4538 559 4601 l.
577 4545 624 4602 ⁶27.
636 4573 675 4586 -
687 4541 845 4620 Rangabe,
862 4541 965 4622 Aoth.
985 4541 1102 4617 bellan,
1119 4546 1188 4618 col,
1202 4542 1224 4603 l.
1238 4545 1287 4604 21.

297 4633 337 4714 (l)
361 4632 520 4711 Rangabe,
533 4633 554 4692 l.
575 4636 620 4695 10.
634 4637 729 4696 —Le
744 4636 814 4707 Bas,
831 4637 861 4695 3·
873 4634 981 4715 portic,
996 4636 1199 4707 osa-Keil,
1215 4636 1245 4696 Z
1246 4655 1283 4695 ur
1297 4634 1367 4716 spt-

259 4725 322 4806 loge
339 4727 426 4788 inser.
444 4724 524 4804 bct„
542 4729 591 4787 22.
609 4727 749 4788 Aminias
761 4728 916 4790 Democlis
930 4728 1013 4790 filius
1026 4728 1194 4790 Thebanus
1211 4729 1244 4789 in
1258 4728 1368 4790 (thari-
