3736 5784
749 721 906 780 47..

276 851 416 926 dicendi
430 853 590 943 facultas,
604 878 669 952 pro
678 854 758 952 jure
773 878 837 929 suo
848 854 1059 930 sententiam
1071 853 1278 950 protulerat,
1296 853 1387 928 lere-

276 967 407 1042 bantur
420 969 599 1067 suffragia‚
623 972 699 1045 sine
718 971 848 1068 quibus
867 971 959 1044 nihil
979 977 1096 1045 ratum
1115 994 1190 1044 esse
1208 971 1336 1068 potuit.

326 1085 467 1158 Etenim
486 1085 554 1174 lex,
577 1087 784 1185 priusquam
804 1089 949 1185 rigeret,
969 1086 1094 1184 populi
1113 1087 1200 1160 seito
1219 1094 1294 1160 erat
1309 1109 1392 1160 san-

279 1198 438 1295 cienda(
463 1201 490 1298 ).

324 1316 360 1387 si
383 1318 470 1412 quid
493 1319 625 1416 negotii
647 1343 730 1393 oum
753 1319 906 1394 externis
925 1318 1073 1415 collegio
1098 1317 1302 1409 incidisset,
1322 1319 1393 1391 sire

279 1439 319 1505 ut
338 1439 482 1529 paetum
502 1436 604 1509 fieret
627 1436 672 1509 de
695 1436 877 1510 mittendis
903 1435 949 1509 ad
973 1434 1060 1508 festa
1085 1433 1220 1532 agenda
1248 1435 1395 1509 artifici·
1483 1523 1484 1526 Ἴ

279 1547 347 1622 bus
361 1548 425 1644 (l),
444 1550 515 1624 sive
531 1557 570 1623 ut
584 1552 667 1648 jura
693 1574 756 1625 sua
779 1550 876 1648 apud
895 1550 1163 1646 dmpbietiones
1182 1557 1344 1625 tueretur
1363 1556 1397 1625 et

280 1687 404 1738 eorum
422 1667 631 1762 praesidium
651 1666 716 1740 sibi
735 1668 930 1742 vindicaret
950 1666 1017 1763 (3),
1041 1667 1221 1742 serebatur
1244 1669 1281 1740 in
1307 1690 1397 1741 oon-

281 1780 384 1854 eione
408 1779 592 1856 decretum
617 1806 688 1879 quo
709 1782 932 1858 conditiones
955 1783 1048 1878 pacti
1075 1789 1136 1856 aut
1164 1807 1220 1858 res
1234 1781 1399 1880 petendae
1530 1823 1533 1832 ν

282 1896 537 1986 definirentur;
565 1898 682 1996 legati,
715 1905 750 1972 et
773 1898 798 1971 ii
819 1899 965 1997 quidem
994 1921 1037 1972 ex
1056 1899 1234 1974 artilioum
1254 1922 1401 1996 corpore

283 2011 458 2110 suffragiis
478 2013 662 2111 designati,
681 2014 773 2087 nihil
790 2013 889 2087 aliud
909 2037 1017 2111 quam
1037 2014 1161 2111 populi
1185 2015 1314 2088 scitum
1337 2013 1402 2086 de-

284 2128 443 2202 lerebaut
457 2136 492 2202 et
506 2129 621 2204 verbis
640 2129 845 2203 tuebantur.

333 2248 384 2317 De
407 2246 590 2318 communi
612 2246 752 2333 aererio,
769 2252 809 2318 ut
826 2269 892 2342 par
912 2250 1006 2336 erat,
1026 2267 1217 2320 commune
1236 2245 1400 2319 omnium

285 2360 489 2434 consilium.
512 2362 701 2457 Postquam
726 2367 881 2457 quaestor
904 2384 1029 2435 eorum
1051 2362 1199 2434 nomina
1227 2360 1402 2459 aquibus

284 2475 445 2571 peouniae
469 2483 569 2549 erant
589 2477 791 2573 repetendae
811 2475 1026 2573 protulerat,
1042 2476 1221 2550 artilieum
1237 2484 1312 2550 eret
1334 2484 1402 2551 sta-

283 2597 383 2667 tuere
416 2603 535 2664 utrum
574 2593 692 2667 debita
717 2593 938 2667 remitterent
962 2617 1008 2666 an
1029 2593 1111 2690 jure
1140 2616 1403 2690 persequeren-

284 2713 343 2782 tur
358 2705 423 2806 (l).
447 2707 551 2781 Haud
567 2708 636 2782 alia
656 2709 806 2797 ratione,
826 2707 956 2806 siquid
980 2714 1056 2782 erat
1080 2709 1352 2800 aedificandum,
1374 2711 1403 2783 si

285 2823 372 2919 quid
387 2823 432 2897 ad
451 2821 602 2898 deorum
625 2822 762 2897 cultum
778 2830 839 2898 aut
852 2823 1081 2921 splendorem
1100 2823 1240 2920 collegii
1255 2847 1402 2920 compa-

285 2940 452 3029 randum,
470 2939 636 3037 expositis
659 2963 723 3035 per
741 2940 987 3036 magistratum
1008 2937 1227 3032 rationibus,
1245 2939 1401 3036 populus

287 3056 498 3129 sententiam
515 3052 676 3153 serebat(
704 3054 729 3154 ).

337 3172 441 3269 Apud
464 3172 630 3247 eumdem
653 3172 761 3244 etiam
790 3194 973 3246 sacrorum
1002 3178 1170 3268 potestas,
1192 3195 1305 3269 quum
1328 3194 1402 3244 non

287 3289 356 3361 nisi
375 3287 501 3385 populi
512 3288 628 3386 jussu,
646 3311 737 3361 nova
754 3310 853 3361 saera
868 3290 1171 3363 constituerentur
1191 3296 1252 3362 aut
1270 3286 1404 3386 templa

287 3405 507 3502 erigerentur
527 3403 593 3503 (6).

339 3525 387 3594 De
406 3521 562 3618 praemiis
580 3543 661 3594 vero
677 3526 713 3593 et
731 3519 930 3595 honoribus
948 3521 1077 3618 quibus
1093 3521 1204 3618 gratia
1221 3520 1312 3597 bene
1328 3546 1405 3596 me·

290 3637 364 3711 ritis
381 3636 614 3726 referebatur,
637 3642 710 3711 tota
728 3661 784 3713 res
799 3643 875 3711 erat
891 3635 1075 3711 concionis
1090 3644 1125 3710 et
1145 3636 1296 3712 decretis
1316 3662 1404 3737 age-

288 3754 393 3829 batur
408 3750 500 3851 (vide
516 3776 551 3849 p.
571 3753 645 3854 aa).

338 3868 432 3942 lllud
448 3875 567 3943 autem
585 3893 658 3944 non
675 3869 824 3944 minoris
842 3870 1040 3944 momenti:
1058 3869 1231 3968 suffragiis
1245 3869 1406 3968 designa·

291 3985 419 4060 bantur
435 3985 460 4063 ii
483 3985 613 4082 quibus
627 3986 665 4059 in
685 3992 847 4060 externas
865 3986 1020 4061 civitates
1035 3987 1079 4061 ad
1095 3988 1248 4085 agendos
1267 3989 1405 4062 senieos

329 4233 372 4319 ll)
386 4237 500 4317 Corpus
513 4238 601 4297 inser.
613 4254 675 4318 pr„
691 4240 782 4300 3069.

330 4329 373 4411 (l)
393 4332 436 4392 Le
453 4331 513 4391 Bas
527 4336 559 4393 et
570 4331 794 4410 Waddington,
807 4329 901 4391 Insrr.
916 4328 1171 4402 ‹idria-Minoum,
1188 4333 1258 4395 281.

332 4424 372 4506 (3)
392 4423 524 4486 Decreta
538 4423 807 4504 Amphiotionum.

331 4519 373 4599 (l)
396 4521 542 4594 Foueart,
558 4518 656 4578 derue
669 4515 813 4594 arctant„
830 4519 919 4590 4870,
934 4522 958 4580 t.
974 4520 1012 4596 ll,
1028 4538 1059 4599 p.
1076 4522 1144 4598 llll,
1156 4520 1178 4581 l.
1192 4524 1273 4583 9-10.

331 4610 374 4693 (a)
396 4610 515 4687 reum,
532 4612 553 4670 1.
569 4614 672 4688 ra-ae,
690 4616 795 4674 aare.
922 4687 929 4702 ,

332 4704 375 4787 (6)
395 4707 447 4767 Fr.
464 4707 661 4781 Leuormant,
679 4704 855 4767 Beckerclres
870 4705 889 4766 ἀ
903 4706 1030 4781 Elauia,
1046 4711 1096 4794 26,
1112 4707 1133 4773 l.
1152 4713 1218 4788 7-9,
1236 4712 1283 4772 l8.
1386 4717 1407 4792 J
