3736 5784
932 671 1090 729 ..24-

455 800 577 873 multis
591 823 704 897 quum
719 801 858 896 pietatis
872 797 1037 872 adversus
1050 797 1136 872 deos
1151 804 1227 871 tum
1243 797 1499 871 benevolentiae
1513 801 1572 873 ad-

453 941 574 990 versus
593 917 745 991 artifices
761 916 984 991 documentis
999 916 1198 1012 insignem,
1220 913 1343 987 multis
1361 937 1443 1010 erga
1460 914 1573 989 colle-

453 1034 553 1129 gium
565 1031 693 1106 officiis
713 1030 998 1129 comprobatum,
1012 1029 1182 1126 praeclarc
1198 1029 1359 1103 Iunctum
1379 1032 1478 1104 omni
1496 1055 1574 1104 mu-

454 1172 582 1223 nerum
595 1155 629 1221 et
644 1149 914 1244 magistratuum
930 1148 1030 1222 serie.
1049 1149 1154 1218 Hunc
1167 1152 1286 1220 autem
1297 1152 1485 1242 quaesturae
1500 1171 1572 1219 suae

457 1288 592 1339 annum
613 1265 643 1336 is
656 1267 751 1339 Zeno
766 1263 901 1361 duplici
916 1263 1118 1338 officiorum
1131 1285 1260 1359 genere
1273 1263 1426 1337 maxime
1440 1286 1574 1337 memo-

456 1382 608 1456 rabilem
624 1381 752 1454 effecit.

506 1498 683 1571 AErarium
702 1498 812 1587 auxit,
839 1499 973 1570 reditus
990 1498 1145 1595 collegii,
1166 1498 1228 1595 qui
1252 1521 1271 1570 e
1291 1496 1412 1570 lundis
1428 1506 1489 1571 aut
1511 1524 1574 1595 pe·

458 1615 573 1712 cuniis
594 1613 738 1688 elocatis
761 1621 867 1710 atque
887 1616 1011 1688 ceteris
1029 1613 1066 1686 id
1089 1637 1202 1710 genus
1221 1612 1326 1686 bonis
1351 1613 1572 1699 constabant,

459 1729 645 1825 diiigenter
672 1730 917 1825 persequendo
942 1738 976 1802 et
1002 1731 1040 1803 in
1068 1728 1254 1826 publicum
1282 1730 1474 1825 redigendo
1507 1729 1518 1827 (
1548 1728 1572 1826 ).

459 1845 532 1918 Nec
553 1844 691 1918 minore
706 1843 886 1941 diligentia
908 1845 1097 1940 pecuniam
1118 1846 1354 1941 suppeditavit
1368 1851 1407 1918 ut
1419 1844 1577 1941 legitima

461 1985 559 2035 sacra
577 1985 719 2059 quoque
741 1979 862 2035 mense
881 1961 1138 2059 perficerentur
1157 1959 1223 2059 (2),
1241 1967 1276 2034 et
1293 1962 1518 2035 decretorum
1532 1960 1576 2034 ab

461 2077 658 2152 artificibus
672 2077 852 2151 honorum
871 2101 1034 2173 expensae
1049 2076 1268 2150 solverentur
1284 2073 1350 2175 (3)

512 2196 596 2267 Haec
616 2194 738 2267 omnia
752 2194 912 2266 muneris
926 2193 1069 2289 propria
1084 2200 1118 2264 ct
1134 2192 1272 2289 legibus
1287 2193 1479 2267 decretisve
1499 2213 1581 2287 pro-

463 2311 535 2383 visa
550 2311 632 2407 jure
651 2333 715 2383 suo
741 2315 775 2383 et
794 2331 857 2406 per
878 2332 915 2383 se
938 2314 1094 2405 quaestor
1116 2308 1275 2405 perfecit.
1300 2307 1364 2382 llla
1387 2330 1470 2382 vero
1498 2329 1578 2404 quae

464 2426 583 2500 studio
609 2425 811 2499 communis
835 2423 995 2498 utilitatis
1020 2424 1196 2522 impulsus
1228 2423 1271 2497 ad
1296 2422 1578 2498 subveniendum

465 2541 606 2638 collegii
620 2540 727 2614 rebus
742 2547 804 2613 aut
821 2541 866 2615 ad
887 2541 1090 2638 augendum
1111 2540 1339 2637 splendorem
1359 2541 1575 2636 excogitavit,

465 2656 509 2731 ad
529 2657 703 2754 populum
723 2656 906 2732 referenda
922 2656 1079 2744 luerunt,
1097 2657 1316 2731 orationibus
1327 2657 1473 2744 tuenda,
1496 2656 1580 2728 arti·

403 2809 407 2830 r
465 2773 575 2846 ficum
589 2773 773 2846 sententiis
788 2770 1067 2869 comprobanda,
1086 2797 1166 2869 quae
1178 2794 1246 2846 nec
1263 2771 1440 2868 suscipere
1455 2775 1581 2867 sponte

466 2911 530 2960 sua
550 2894 686 2982 poterat
704 2910 771 2960 nec
790 2910 912 2960 rursus
931 2887 1051 2960 subire
1065 2888 1268 2983 cogebatur.
1309 2889 1458 2971 «Quum
1477 2883 1582 2956 multi

467 3028 487 3076 e
504 3002 668 3100 pluribus
685 3003 788 3076 annis
810 3026 926 3076 moras
944 3002 1172 3077 restituenda
1193 3003 1356 3100 pecuniae
1378 3002 1579 3090 traherent,

467 3127 548 3191 autc
564 3117 739 3214 populum
758 3140 818 3191 eos
831 3117 1002 3191 indicavit
1006 3175 1078 3191 .....
1096 3126 1131 3193 et
1147 3120 1313 3192 invitatus
1328 3117 1372 3191 ab
1387 3114 1583 3190 artificibus

469 3235 602 3308 curavit
621 3241 662 3306 ut
684 3231 801 3307 debita
820 3241 1047 3330 recuperaret
1066 3231 1165 3333 (1).»
1196 3235 1294 3308 ldem
1326 3235 1453 3329 saepius
1478 3231 1584 3306 uerba

468 3349 551 3422 lecit
572 3359 610 3422 ut
631 3349 790 3422 scenicos
814 3351 858 3423 ad
884 3350 1087 3447 ponendam
1112 3351 1241 3425 Bacchi
1258 3357 1410 3425 statuam
1434 3355 1496 3423 aut
1520 3372 1585 3445 pa-

469 3466 579 3540 randa
603 3489 645 3539 ea
663 3489 743 3562 qnae
769 3466 959 3563 intemplo
983 3467 1144 3541 ornando
1167 3474 1229 3542 aut
1252 3467 1351 3540 sestis
1376 3466 1584 3564 peragendis

468 3583 550 3656 usui
571 3587 689 3655 essent
713 3586 775 3654 aut
792 3583 837 3655 ad
860 3583 1078 3680 perficienda
1096 3584 1247 3658 aedilicia
1265 3584 1429 3659 inchoata
1453 3583 1585 3679 impel-

468 3699 557 3770 leret
581 3694 646 3795 (5).
676 3700 762 3782 Quae
782 3721 891 3795 quum
914 3699 1080 3772 secundis
1103 3699 1250 3773 auribus
1275 3705 1419 3796 accepta
1442 3704 1583 3788 essent,

469 3821 565 3888 extra
584 3814 771 3910 proprium
786 3815 946 3887 muneris
962 3814 1123 3888 officium
1150 3817 1331 3904 invitatus,
1357 3815 1479 3890 omnia
1494 3837 1586 3912 pru-

470 3930 596 4003 denter
606 3928 757 4003 locanda
771 3935 834 4002 aut
847 3931 1059 4004 exstruenda
1073 3931 1207 4004 curavit
1226 3930 1239 4030 (
1266 3929 1291 4028 ).

521 4047 638 4120 Ceteri
660 4048 884 4144 magistratus
908 4049 1045 4144 Argiva
1071 4046 1264 4122 sodalitatis
1292 4048 1446 4122 universi
1464 4046 1588 4121 nomi-

472 4170 602 4238 nantur
615 4161 683 4260 (7);
701 4163 834 4236 mentio
855 4162 1046 4259 peculiaris
1067 4163 1192 4238 scribae
1214 4166 1290 4261 qui,
1314 4165 1406 4237 inter
1428 4161 1511 4251 alia,
1535 4161 1553 4235 l
1572 4205 1587 4216 -

513 4367 555 4448 (l)
575 4369 722 4446 Foucart‚
737 4366 836 4428 Reooe
849 4367 987 4444 orcbdol„
1005 4372 1093 4445 1810,
1109 4373 1134 4429 t.
1150 4370 1188 4441 ll,
1204 4387 1236 4448 p.
1254 4372 1323 4444 101,
1341 4369 1363 4429 l.
1380 4370 1409 4429 8.

513 4462 556 4540 (2)
577 4460 699 4536 Ibidem,
713 4461 737 4522 l.
752 4463 801 4522 ta.
813 4494 853 4506 —
867 4461 907 4541 (3)
920 4460 1042 4539 Ibidem,
1053 4462 1073 4523 l.
1090 4462 1292 4542 21-35.-(1)
1306 4462 1429 4541 Ibidem,
1445 4463 1468 4526 l.
1485 4464 1587 4525 lota.

512 4552 557 4633 (5)
577 4552 697 4629 Ibtilcm,
713 4553 736 4614 l.
750 4557 851 4632 leat,
865 4557 972 4616 alt-28.

517 4651 558 4727 (6)
577 4646 700 4722 Ibidem,
717 4648 739 4710 l.
754 4651 803 4724 18,
818 4651 868 4714 21.
879 4683 919 4696 -
932 4649 973 4731 (7)
994 4649 1118 4726 Ibidem,
1135 4649 1157 4714 l.
1171 4653 1222 4712 36.
