3736 5784
274 1241 365 1314 Qua
384 1241 542 1296 natoue
565 1239 733 1308 collegia
758 1238 918 1294 scente·
939 1238 1234 1326 ιοιιαιιιιιιίίιιιι
1258 1238 1387 1294 mm

539 1338 706 1394 ederam·
727 1350 893 1407 opernm
913 1331 1124 1393 decenne?

328 1544 363 1612 ln
395 1540 631 1634 disputatione
661 1536 704 1611 de
735 1562 772 1611 re
805 1538 965 1627 ludicra,
992 1561 1070 1611 sero
1099 1535 1143 1611 ad
1167 1538 1270 1611 ludos
1295 1537 1389 1633 ipsos

277 1654 420 1743 accedo,
443 1657 602 1750 ipsorum
621 1654 799 1726 artificum
815 1654 943 1727 rationi
959 1653 1160 1744 obsecutus,
1184 1675 1337 1749 quorum
1351 1655 1390 1726 in

238 1765 240 1768 ’
278 1771 520 1847 monumentis
542 1794 597 1845 res
616 1771 756 1844 scenica
779 1771 876 1865 parvi
898 1770 1006 1843 luisse
1020 1769 1158 1844 videtur
1175 1794 1248 1866 prae
1269 1794 1391 1844 rerum

280 1888 481 1962 divinarum
494 1909 579 1960 cura
598 1893 632 1961 et
648 1909 768 1959 rerum
784 1886 941 1959 civilium
958 1887 1003 1959 ad
1023 1887 1116 1980 ipsos
1137 1887 1392 1983 pertinentium
1517 1981 1522 1988 ι

280 2003 410 2078 studio.
428 2004 557 2100 Utique
586 2003 773 2100 diligenter
795 2003 1030 2098 quarendum
1045 2008 1097 2076 est
1118 2002 1299 2098 quomodo
1318 2027 1393 2077 sce-

281 2121 361 2194 nica
392 2119 540 2216 collegia
574 2119 715 2193 muneri
744 2142 809 2192 suo
837 2142 910 2192 nou
941 2118 1139 2207 defuerint,
1164 2119 1296 2193 scilicet
1324 2142 1395 2215 qua

284 2238 420 2311 ratione
437 2237 602 2308 'civitates
624 2234 720 2308 ludis
740 2235 846 2308 sacris
867 2236 1025 2309 scenicos
1046 2234 1288 2327 adhibuerint,
1314 2259 1396 2308 rur-

285 2374 416 2447 susque
434 2350 501 2445 ipsi
517 2350 561 2423 ad
575 2349 770 2446 placandos
789 2350 1026 2445 colendosque
1047 2348 1131 2424 dees
1148 2373 1292 2445 operam
1309 2373 1398 2448 prae-

283 2467 437 2541 buerint.
733 2551 736 2558 y

333 2581 551 2674 Civitatibus,
576 2583 614 2654 in
632 2581 762 2677 quibus
777 2583 955 2657 artificum
970 2583 1118 2680 collegia
1135 2581 1254 2657 sedem
1269 2606 1400 2678 posue·
1497 2671 1499 2675 v

285 2700 387 2789 rant,
410 2698 576 2787 Athenio,
605 2697 755 2786 Thebis,
782 2699 870 2788 Teo,
896 2723 1084 2796 nunquam
1108 2698 1152 2772 ad
1181 2698 1400 2796 peragendos

284 2815 387 2891 ludos
401 2816 533 2912 scenici
549 2816 706 2890 deerant.
724 2817 913 2907 Praeterea,
934 2825 1079 2891 cautum
1098 2816 1165 2890 luit
1186 2818 1334 2890 Athenis
1353 2841 1399 2891 ne

284 2934 364 3032 quis
383 2957 506 3007 eorum
527 2931 645 3006 debita
669 2956 777 3028 opera
801 2935 978 3008 civilatem
1006 2933 1188 3007 fraudaret
1208 2940 1243 3007 et
1265 2933 1400 3007 mulcta

285 3051 447 3146 irrogata,
462 3047 490 3122 si
505 3049 585 3145 quis
602 3049 809 3146 intempore
824 3049 995 3123 festorum
1012 3073 1085 3124 non
1104 3049 1252 3123 adesset.
1267 3052 1401 3121 Exem-

285 3165 344 3263 plo
368 3171 419 3239 est
434 3165 622 3238 Thessalus
646 3166 845 3262 tragoedus3
875 3167 904 3238 is
924 3187 1037 3262 quum
1061 3163 1251 3239 Alexandri
1273 3165 1396 3262 gratia,

285 3306 360 3382 sese
381 3280 424 3354 ad
445 3282 640 3355 certamina
654 3283 690 3353 in
706 3282 1059 3355 Phoenicia'maximo
1073 3289 1244 3377 apparatu
1261 3280 1401 3354 edenda

285 3397 504 3485 contulisset,
535 3398 699 3494 Dionysia
723 3397 893 3486 deseruit;
920 3397 1182 3496 propterquod
1210 3399 1401 3472 muletatus

287 3515 330 3588 ab
349 3514 627 3588 Atheniensibus
651 3537 767 3611 regem
787 3515 921 3612 rogavit
937 3520 978 3588 ut
997 3537 1060 3609 per
1081 3509 1215 3588 litteras
1236 3515 1281 3588 ad
1297 3514 1404 3587 Athe-

287 3632 427 3704 nienses
442 3631 566 3704 missas
582 3654 660 3704 eam
684 3631 856 3704 muletam
871 3631 1141 3727 deprecaretur3
1159 3654 1267 3725 quam
1280 3643 1404 3703 centra

286 3746 484 3820 Alexander
497 3747 572 3841 ipse
590 3746 724 3820 solvere
740 3746 867 3819 maluit
882 3749 945 3841 (l).
963 3749 1009 3817 At
1028 3746 1100 3818 suis
1119 3769 1192 3818 non
1210 3754 1400 3832 contenta,

288 3862 422 3938 eaedem
450 3861 605 3936 civitates
629 3869 794 3936 externos
822 3883 965 3958 queque
990 3862 1142 3935 artifices
1168 3861 1204 3932 in
1235 3862 1404 3935 ludorum

289 4003 436 4054 suorum
455 3978 749 4051 communionem
770 3976 1006 4051 admittebant
1026 3985 1132 4072 atque
1151 3978 1257 4052 etiarn
1278 3979 1404 4051 invita·

289 4095 387 4170 bant.
409 4095 559 4168 Athenis
575 4117 719 4190 nempe,
741 4093 928 4190 plerosque
949 4092 1111 4166 tibicines
1131 4093 1194 4190 qui
1216 4094 1253 4165 in
1277 4092 1406 4166 fabulis

289 4213 433 4312 agendis
460 4220 522 4286 aut
547 4212 584 4285 iu
609 4212 727 4286 choris
754 4211 949 4302 canebant,
977 4212 1184 4308 magistrum
1214 4211 1406 4308 aliquande

291 4332 423 4428 ipsum,
446 4332 651 4428 peregrinos
681 4329 789 4404 luisse
817 4328 969 4424 probant
996 4329 1233 4426 choragorum
1259 4327 1409 4401 dedica·-

292 4449 407 4524 tiones
424 4448 489 4546 (ι).

336 4688 376 4769 (lt
401 4685 574 4764 Plutarch„
590 4686 751 4765 Aleaand,
768 4691 817 4750 29.
831 4719 870 4734 -
880 4686 923 4767 (h)
935 4688 977 4749 be
991 4685 1063 4762 Bas,
1077 4686 1211 4766 Attiquc,
1226 4685 1370 4748 too-tre.
