3736 5784
576 753 672 857 DE
714 746 1114 860 COLLEGIIS

325 1030 851 1220 scaurcon'uu
906 1084 1364 1217 lurrrrcuu

653 1450 785 1536 APUD
813 1451 1030 1534 GRAEGOS.

833 2285 861 2356 l.

331 2513 426 2588 Quae
444 2507 570 2570 meris
587 2511 649 2568 ret
668 2510 833 2569 maleo
854 2512 966 2584 opud
988 2511 1147 2568 timeon
1167 2510 1361 2579 mnditia,

553 2624 603 2667 ex
622 2610 934 2668 Atheniensium
953 2604 1139 2680 lenibunt

336 2819 422 2903 Quae
437 2813 569 2888 luerint
582 2811 677 2914 apud
693 2817 833 2888 Graecos
853 2813 1075 2888 scenicorum
1098 2809 1274 2886 artificum
1293 2810 1401 2886 colle·

285 2929 343 3027 gia
357 2928 535 3024 disputare
554 2950 716 3025 aggresso
733 2927 887 3025 origines
901 2927 986 3001 artis
1000 2928 1149 3002 scenicae
1164 2927 1287 3024 paucis
1306 2950 1404 3024 repe·

286 3051 361 3120 tere
374 3065 515 3118 necesse
527 3049 592 3117 est.
606 3042 715 3141 Cujus
732 3044 851 3140 ipsum
866 3043 1046 3117 Bacchum
1060 3050 1278 3140 repertorem
1293 3041 1401 3116 luisse

286 3157 430 3234 tradidit
446 3158 653 3255 antiquitas,
670 3159 756 3233 etin
773 3159 910 3232 Graecia
923 3183 988 3256 per
1002 3182 1129 3233 omnes
1141 3158 1245 3233 licuit
1257 3158 1401 3232 artifici·

285 3273 352 3349 bus
373 3297 579 3351 consecrare
594 3275 747 3373 origines
766 3299 860 3367 suas,
882 3283 920 3349 ut
939 3299 1022 3349 curn
1037 3275 1134 3350 Livio
1150 3275 1352 3374 loquamur,
1366 3283 1402 3349 et

286 3392 330 3468 ad
350 3393 458 3468 deum
478 3391 610 3468 referre
625 3400 819 3467 auctorem.
840 3391 1055 3490 Quicunque
1078 3393 1315 3467 recentiorum
1331 3417 1402 3467 an-

286 3509 486 3606 tiquitatem
515 3508 721 3605 attigerunt,
744 3509 972 3583 consentiunt
999 3530 1073 3582 rem
1105 3507 1280 3583 ludicram
1306 3507 1400 3605 apud

287 3627 426 3700 Graecos
440 3623 579 3700 colendi
594 3623 752 3698 numinis
766 3647 872 3698 causa
890 3647 965 3699 esse
979 3624 1159 3698 inventam
1178 3631 1212 3697 et
1231 3625 1342 3722 magis
1356 3622 1401 3697 ad

286 3739 437 3816 deorum
455 3741 609 3816 honores
632 3747 666 3815 et
689 3741 733 3814 ad
753 3741 901 3816 civitatis
927 3739 1133 3838 religionem
1157 3764 1263 3838 quarn
1284 3739 1328 3814 ad
1344 3764 1402 3815 vo·
1487 3814 1489 3822 s

286 3849 458 3955 luptatem
472 3857 662 3932 hominum
678 3857 905 3953 pertinuisse.

336 3973 450 4072 Hujus
479 3971 633 4070 publicae
663 3969 844 4068 religionis
872 3977 970 4044 tanta
993 3969 1044 4043 vis
1073 3971 1204 4045 exstitit
1235 3979 1401 4070 tantaque

287 4089 493 4164 Graecorum
510 4088 548 4160 in
568 4086 762 4163 retinendis
779 4087 955 4184 majorum
972 4086 1142 4160 institutis
1158 4088 1269 4184 pietas
1284 4096 1322 4162 ut
1344 4113 1400 4164 res

287 4206 438 4296 scenica,
457 4206 563 4280 etiam
583 4227 695 4302 quum
715 4227 736 4276 a
753 4203 902 4300 pristino
923 4203 1052 4278 Bacchi
1075 4202 1174 4276 cultu
1194 4203 1238 4278 ad
1254 4204 1323 4280 alia
1338 4207 1399 4279 de-

287 4321 485 4396 clinavisset
503 4329 551 4410 et,
579 4323 710 4397 omisso
730 4321 808 4409 deo,
825 4319 869 4395 ad
889 4321 1047 4396 humana
1064 4322 1243 4418 quadam,
1265 4330 1299 4397 et
1318 4325 1399 4420 qui-

288 4440 368 4515 dem
390 4463 463 4514 non
481 4440 530 4514 ita
548 4439 620 4537 pia,
639 4460 808 4513 conversa
823 4444 927 4528 esset,
946 4439 1103 4535 antiquae
1118 4437 1300 4536 religionis
1317 4464 1401 4513 me-

287 4557 402 4633 moria
420 4562 623 4633 consecrata
639 4554 800 4654 viguerit.
826 4555 935 4652 Cujus
961 4555 1011 4628 rei
1036 4554 1166 4652 insigni
1186 4555 1400 4634 documento

1245 4673 1260 4735 l
