3736 5784
972 747 1112 807 ..8-

485 879 689 977 regionibus
711 880 755 954 ad
782 885 921 977 tempus
941 882 1177 956 certaminum
1201 885 1309 955 Teum
1330 882 1501 956 adeuntes
1518 904 1598 956 cen·

485 997 568 1092 suit,
594 1019 700 1092 prava
721 1017 804 1068 sane
828 997 1115 1095 interpretatione
1129 997 1196 1097 (l).
1211 999 1275 1074 Vix
1298 998 1395 1072 enim
1424 998 1598 1095 intelligas

485 1110 665 1208 quomodo
687 1108 851 1182 homines
870 1109 914 1184 ad
934 1110 1040 1184 breve
1059 1118 1203 1207 tempus
1220 1113 1332 1187 coacti
1346 1112 1500 1186 honores
1518 1135 1597 1208 per·

483 1234 610 1325 petuas
629 1226 822 1299 decernere
842 1227 1035 1322 potuerint.
1058 1226 1158 1300 Adde
1178 1228 1276 1324 quod
1292 1226 1337 1301 ad
1355 1228 1434 1301 hec
1449 1225 1537 1302 leste
1556 1251 1599 1300 ex

484 1342 562 1418 aliis
574 1340 773 1415 civitatibus
788 1348 1029 1416 convenerunt
1038 1366 1113 1418 non
1128 1342 1259 1440 singuli
1273 1343 1437 1435 artifices,
1451 1341 1510 1418 sed
1523 1343 1599 1417 uni·

483 1481 584 1532 versa
596 1455 756 1552 collegia,
773 1462 814 1528 ut
832 1455 951 1531 videre
971 1465 1023 1530 est
1046 1459 1083 1531 in
1105 1458 1247 1533 decreto
1264 1458 1403 1556 collegii
1423 1459 1599 1532 artificum

483 1598 526 1650 ex
543 1574 676 1647 lsthmo
695 1579 729 1646 et
748 1572 880 1646 Nemea
899 1572 965 1672 (3).
990 1573 1128 1648 Meliori
1151 1577 1336 1649 sententiae
1351 1576 1441 1648 viam
1463 1576 1599 1671 aperuit

484 1688 610 1763 titulus
639 1689 798 1776 tasensis,
824 1689 861 1760 in
888 1710 960 1785 quo
983 1712 1077 1762 unus
1098 1689 1322 1786 synagonista
1344 1691 1496 1787 tragicus
1518 1711 1611 1763 cum

486 1810 589 1902 poeta
604 1810 638 1876 et
655 1804 793 1876 musico
808 1801 853 1876 ab
869 1803 1065 1877 artificibus
1076 1803 1169 1878 Teiis
1188 1803 1231 1876 ad
1251 1802 1429 1900 agendum
1446 1804 1490 1878 de
1504 1828 1602 1879 com-

485 1919 657 1993 munibus
670 1918 777 1992 rebus
793 1917 1104 2015 legatusmittitur.
1122 1919 1225 2005 Quod
1237 1919 1423 1994 manifeste
1436 1920 1514 1994 fieri
1528 1943 1600 1998 non
1708 1907 1716 1914 ’

483 2036 600 2134 potuit
618 2035 687 2110 nisi
704 2043 739 2110 et
758 2036 833 2131 ipse
852 2042 930 2108 tum
952 2035 1240 2131 particepsesset
1263 2042 1298 2108 et
1315 2041 1436 2133 postea
1459 2035 1601 2109 iuturus

485 2160 575 2227 esset
592 2152 742 2249 collegii.
765 2149 868 2224 Unde
885 2150 1079 2226 uerisimile
1093 2150 1233 2225 videtur
1248 2152 1490 2248 synagonistas
1508 2135 1600 2225 nilril

485 2267 584 2344 aliud
601 2291 798 2363 essequam
821 2274 955 2341 actores
976 2267 1127 2363 tragicos
1145 2273 1181 2342 et
1201 2268 1371 2358 comicos,
1388 2268 1524 2342 scenici·
1535 2290 1602 2364 po-

486 2386 563 2483 puli
579 2387 679 2483 quasi
696 2392 851 2481 gentem.
875 2390 947 2459 Hos
966 2409 1092 2461 omnes
1112 2387 1350 2460 communiter
1365 2387 1408 2460 de
1428 2384 1535 2458 rebus
1556 2385 1601 2458 ad

487 2502 691 2574 uuiversum
707 2499 897 2598 collegium
921 2502 1163 2598 spectantibus
1181 2500 1402 2576 consuluisse
1424 2500 1518 2573 idem
1538 2499 1601 2573 do-

489 2623 546 2691 cet
555 2616 681 2691 titulus
694 2614 759 2716 (3).
773 2618 1013 2692 Attulisturum
1031 2641 1186 2716 quorum
1205 2638 1350 2713 quoque
1370 2620 1602 2690 monumenta
1693 2697 1709 2711 ,

487 2739 692 2827 supersunt,
716 2732 859 2806 nullum
880 2734 946 2807 suit
965 2733 1062 2808 aliud
1083 2733 1273 2832 collegium
1297 2731 1363 2831 (t).
1388 2733 1499 2806 lidem
1518 2739 1602 2806 sunt

487 2847 548 2944 qui
564 2848 717 2922 artifices
736 2873 842 2946 supra
865 2851 1065 2939 memorati,
1084 2850 1144 2923 sed
1159 2854 1341 2945 assumpto
1357 2849 1454 2946 regio
1470 2842 1599 2946 cogno·

488 2965 598 3052 mine,
618 2965 735 3040 Attalo
762 2968 909 3064 gratiam
938 2967 984 3041 ob
1012 2965 1185 3042 beneficia
1213 2963 1344 3040 referre
1372 2966 1601 3057 studuerunt,

488 3103 626 3154 necnon
653 3079 750 3155 illius
774 3084 970 3179 patrocinio
991 3107 1048 3159 res
1069 3107 1150 3158 suas
1174 3105 1315 3180 augere.
1337 3083 1438 3168 Quod
1458 3082 1604 3179 quidem

488 3195 703 3270 vocabulum
725 3221 797 3270 non
821 3197 955 3272 diutius
978 3222 1087 3296 quam
1114 3197 1221 3273 Attali
1243 3219 1392 3292 regnum
1409 3197 1604 3291 permansit

488 3316 524 3384 et
537 3312 693 3406 priscum
708 3335 841 3386 nomen
856 3336 980 3386 rursus
992 3321 1215 3409 assumptum
1235 3311 1343 3384 luisse
1360 3310 1604 3384 demonstrant

489 3427 623 3524 lapides
637 3430 749 3503 aetatis
771 3432 1008 3527 imperatoriae
1028 3430 1096 3528 (5).

539 3545 642 3618 Haud
657 3569 786 3642 paucas
799 3547 908 3644 hujus
918 3545 1058 3642 collegii
1074 3544 1302 3640 migrationes
1316 3545 1605 3618 commemoravit

490 3661 627 3737 Strabo.
655 3663 823 3737 «Deinde
844 3663 1068 3738 Lebedus...
1099 3659 1152 3733 lbi
1180 3659 1404 3734 scenicorum
1427 3659 1603 3734 artificum

490 3786 686 3853 conventus
702 3788 738 3853 et
755 3779 979 3854 domicilium
999 3785 1065 3867 est,
1083 3777 1145 3875 qui
1165 3777 1202 3849 in
1223 3777 1321 3851 lonia
1335 3782 1418 3849 sunt
1432 3800 1545 3873 usque
1561 3774 1605 3852 ad

491 3894 763 3992 Hellespontum
773 3923 782 3985 ;
804 3897 864 3972 hic
882 3897 1040 3971 solennis
1054 3900 1250 3970 conventus
1265 3899 1299 3968 et
1313 3893 1506 3968 certamina
1520 3917 1607 3990 quo·

493 4011 609 4083 tannis
626 4011 662 4083 in
676 4012 853 4086 honorem
872 4013 1003 4087 Bacchi
1018 4017 1253 4108 peraguntur.
1274 4012 1362 4083 Teos
1377 4009 1537 4105 proxima
1557 4013 1609 4084 lo·

492 4127 561 4199 niae
584 4128 667 4202 urbs
683 4133 766 4202 ante
784 4128 900 4204 fuerat
915 4150 1042 4202 eorum
1059 4129 1181 4216 sedes;
1200 4127 1275 4214 sed,
1293 4147 1404 4223 quum
1428 4124 1608 4199 incidisset

494 4244 633 4336 seditio,
658 4246 839 4343 Ephesum
869 4246 1119 4344 confugerunt.
1153 4247 1272 4330 Quum
1291 4264 1371 4316 vero
1394 4241 1534 4329 Attalus
1549 4265 1608 4317 eos

533 4456 575 4534 (ll
600 4456 713 4538 Corpus
726 4459 813 4522 inser.
828 4481 887 4541 gr„
903 4464 982 4524 3008
997 4461 1025 4523 b.
1037 4495 1077 4508 -
1090 4459 1131 4540 (2)
1147 4459 1261 4540 Corpus
1275 4457 1362 4518 insu.
1377 4476 1437 4536 pe,
1456 4460 1534 4521 3068
1548 4477 1573 4520 c.

534 4551 574 4626 (3)
597 4553 639 4611 Le
653 4553 713 4613 Bas
725 4560 756 4614 et
766 4556 992 4636 Waddington‚
1008 4554 1104 4618 Iacer.
1120 4551 1374 4628 &Acie-Miaccum,
1390 4555 1460 4615 281.

535 4644 576 4723 (l)
600 4643 714 4725 Corpus
727 4647 814 4710 casm.
833 4669 894 4729 pru,
911 4653 999 4727 3009,
1017 4652 1106 4727 3070,
1122 4650 1212 4710 3071.

534 4738 576 4816 (5)
599 4737 713 4820 Corpus
726 4741 814 4806 laser.
829 4762 890 4823 qr„
907 4745 996 4822 3083,
1012 4746 1103 4806 3933.
1155 4773 1159 4782 ·
