3736 5784
843 705 850 724 ⁸
941 729 1101 790 -rn-

464 851 766 958 turtl).dttamcn
784 884 830 934 ne
843 862 899 935 cui
917 861 1026 937 dubio
1039 862 1139 939 locus
1149 859 1312 961 supersit,
1325 863 1576 960 Delphicarum

464 977 667 1054 tabularum
687 980 908 1053 mentionem
927 978 1069 1071 faciam,
1091 982 1126 1053 in
1149 980 1290 1076 quibus,
1305 1004 1416 1078 quum
1431 982 1575 1056 ducenti

463 1094 536 1170 lere
554 1096 707 1171 artifices
724 1096 968 1184 nominentur,
987 1096 1150 1171 omnium
1171 1097 1283 1193 patria
1301 1096 1457 1188 additur,
1476 1099 1578 1194 quin·

463 1210 578 1286 decim
611 1213 752 1287 circiter
781 1213 1102 1308 paterno'nomine
1133 1221 1265 1287 carent.
1297 1213 1422 1287 lnhis
1447 1214 1573 1303 etiam,

465 1348 577 1423 quum
598 1349 657 1401 eas
678 1348 782 1398 muro
801 1324 924 1422 templi
951 1326 1203 1402 inscribentem
1221 1328 1372 1426 alicujus
1388 1336 1576 1426 paternum

463 1466 594 1518 nomen
618 1440 794 1539 fugiebat,
818 1441 952 1538 aliquid
980 1444 1081 1540 spatii
1107 1445 1206 1518 vacui
1231 1443 1511 1541 relinquebatur.
1536 1448 1576 1518 ln

462 1583 535 1632 una
555 1557 689 1647 tabula,
711 1556 805 1630 inter
827 1557 1008 1633 saltatores
1034 1559 1188 1634 comicos
1212 1560 1377 1634 Moschus
1395 1561 1577 1656 Sicyonius

463 1672 632 1762 refertum
663 1671 773 1763 idem,
799 1673 837 1747 in
864 1673 1003 1748 duabus
1022 1675 1113 1762 aliis,
1139 1672 1259 1758 addito
1283 1678 1392 1773 patris
1414 1679 1574 1766 nomine,

463 1789 628 1864 Moschus
646 1788 789 1864 Sosiclis
805 1789 993 1885 Sicyonius
1011 1791 1075 1890 (2).
1101 1791 1199 1866 ldem
1215 1790 1349 1865 lactum
1364 1793 1403 1864 in
1418 1794 1576 1891 tragoedo

464 1901 582 1998 Sotylo
606 1900 792 1976 Philoxeni
813 1901 952 1990 AEtolo;
982 1902 1076 1977 idem
1106 1902 1144 1974 in
1170 1903 1338 1977 Pantacle
1357 1903 1493 1979 Daalcis
1516 1907 1578 1981 Si-

462 2018 588 2114 cyonio
600 2016 663 2116 (3).
677 2022 728 2092 Ex
742 2042 813 2121 quo
824 2020 906 2094 satis
920 2025 1016 2116 patet
1029 2026 1217 2116 paternum
1233 2042 1376 2112 nomen,
1392 2023 1576 2118 siquando

464 2134 501 2207 in
525 2136 653 2208 ceteris
677 2137 848 2211 omissum
874 2144 939 2227 cst,
964 2143 1024 2210 aut
1043 2137 1242 2233 ignorantia
1267 2144 1328 2211 aut
1352 2139 1575 2236 casualiquo

464 2259 604 2328 tantum
624 2254 813 2330 ellluxisse.
831 2256 939 2330 Nulla
962 2257 1070 2351 igitur
1086 2256 1259 2331 dubitatio
1279 2265 1437 2353 superest
1453 2280 1576 2332 omnes

464 2371 621 2445 scenicos
642 2371 808 2464 artifices,
832 2369 1039 2470 quicunque
1057 2372 1205 2469 collegia
1219 2373 1357 2447 Baccho
1373 2383 1575 2448 consecrata

465 2486 727 2578 constituerint,
744 2489 919 2585 ingenuos
951 2490 1043 2562 cives
1073 2488 1193 2577 tuisse,
1229 2511 1346 2586 neque
1380 2489 1484 2562 servis
1514 2494 1574 2562 aut

464 2603 640 2677 libertinis
660 2625 735 2677 rem
756 2609 826 2677 tam
842 2627 991 2696 sacram,
1012 2610 1086 2678 tam
1106 2605 1244 2680 civilem
1261 2601 1416 2678 adeundi
1433 2625 1573 2678 conces·

464 2743 537 2793 sam
552 2720 745 2794 licentiam.

510 2836 698 2911 Declarant
718 2837 824 2910 ctiam
849 2836 954 2926 tituli,
977 2839 1156 2934 praecipue
1180 2833 1355 2934 Delphici,
1382 2859 1491 2934 quam
1514 2835 1575 2908 di-

460 2953 568 3028 rersis
582 2976 602 3027 e
615 2952 819 3051 regionibus
832 2954 984 3028 artifices
994 2954 1032 3027 in
1050 2953 1215 3052 quaedam
1226 2953 1373 3051 collegia
1391 2953 1573 3028 coiverint.

462 3075 512 3144 De
536 3070 652 3145 Attico
677 3070 823 3168 quidem
851 3071 944 3145 nihil
972 3072 1055 3146 satis
1083 3078 1232 3158 constat,
1264 3094 1377 3168 quum
1408 3069 1576 3167 perpauci

462 3187 673 3261 nominatim
686 3188 928 3283 designentur,
946 3195 980 3260 et
998 3188 1022 3261 ii
1043 3187 1201 3285 quidem,
1218 3185 1318 3258 nulla
1337 3186 1459 3280 patriae
1478 3208 1578 3258 men·

461 3304 572 3376 tione.
597 3302 699 3376 Unde
717 3300 868 3376 dubium
887 3302 926 3375 fit
945 3308 1066 3375 utrum
1087 3302 1155 3373 hoc
1174 3323 1216 3374 ex
1230 3291 1505 3371 Atheniensibus
1524 3320 1577 3369 so·

461 3417 506 3492 lis
529 3419 724 3494 constiterit
745 3442 791 3492 an
810 3419 1007 3516 peregrinis
1035 3440 1177 3514 qnoque
1198 3413 1390 3489 sodalitatis
1409 3411 1575 3486 incundae

463 3535 544 3608 data
563 3533 669 3607 luerit
694 3534 856 3608 facultas.
883 3532 989 3632 Apud
1009 3533 1109 3606 Teios
1133 3529 1328 3606 nonnullos
1347 3533 1510 3601 externos
1528 3528 1576 3600 vi-

463 3651 603 3738 demus,
633 3649 935 3741 chalcedonium,
966 3651 1240 3746 Pergamenum,
1275 3645 1454 3732 Samium3
1488 3643 1576 3717 alios

462 3773 635 3863 praetereo
657 3791 747 3865 quos
768 3767 875 3865 hujus
898 3765 1039 3862 collegii
1064 3764 1253 3861 participes
1278 3762 1386 3835 luisse
1415 3765 1576 3832 tantum-

463 3882 571 3958 modo
582 3882 768 3980 probabile
780 3889 844 3957 est.
859 3882 1082 3956 Uberrimam
1092 3887 1211 3954 autem
1220 3878 1405 3953 materiam
1415 3873 1575 3972 praebent

462 3998 557 4080 tituli
574 4000 752 4096 Delphici,
770 4001 808 4074 in
828 3999 960 4097 quibus
976 4020 1088 4093 quum
1103 3997 1237 4071 mentio
1256 3997 1317 4070 fiat
1332 3992 1495 4067 omnium
1514 3989 1576 4087 qui

461 4113 566 4189 ludos
579 4115 774 4212 attigerint,
795 4115 913 4190 ridere
934 4119 986 4188 est
1008 4113 1166 4192 scenicos
1184 4135 1204 4186 e
1225 4111 1312 4186 locis
1333 4105 1577 4184 diversissimis

461 4238 556 4306 ortos
579 4233 750 4306 inunum
772 4255 901 4329 corpus
924 4230 1109 4306 coaluisses

511 4349 726 4446 Quanquam
740 4346 913 4444 plurimos
928 4344 1094 4436 Athenae,
1108 4346 1254 4436 Boeotia,
1269 4341 1432 4436 Arcadia,
1448 4342 1575 4439 Sicyon

504 4533 546 4614 (l)
570 4533 683 4614 Corpus
698 4532 786 4594 inser.
801 4551 860 4612 qr„
876 4533 967 4596 3090.

504 4627 545 4707 (Ι)
567 4627 756 4708 Inscriptions
770 4625 890 4688 tnddttes
901 4625 936 4686 de
950 4625 1088 4707 Delplzec,
1103 4626 1155 4700 Ill,
1172 4626 1227 4701 ²153
1245 4624 1297 4702 lv,
1313 4626 1372 4702 703
1393 4625 1430 4702 V,
1445 4623 1495 4684 77.

502 4721 545 4802 (3)
565 4721 685 4798 Ibidem,
702 4722 827 4798 111,tt;
844 4722 896 4797 IV,
913 4721 1076 4796 ll.-lll,
1093 4722 1151 4796 463
1168 4719 1220 4797 IV,
1235 4721 1296 4808 68.Ι
