3736 5784
784 693 922 754 ..3-

297 829 335 904 in
351 827 531 903 sortitione
543 823 792 924 magistrorum
807 832 841 900 et
856 822 1061 906 tibicinum!
1076 845 1157 920 quae
1168 844 1254 896 cura
1268 845 1314 898 ne
1328 823 1409 921 quis

296 944 516 1045 peregrinus,
527 965 573 1018 ne
584 943 664 1039 quis
677 941 823 1016 infamia
834 947 975 1015 notatus
991 939 1093 1014 chori
1108 938 1223 1015 lactus
1234 940 1410 1037 particeps
1468 941 1469 946 ’

294 1047 434 1159 impura
454 1067 514 1135 aut
538 1073 611 1135 non
635 1058 731 1134 civili
751 1058 960 1156 contagione
987 1057 1064 1154 pios
1083 1056 1231 1131 civitatis
1256 1057 1411 1132 honores

293 1177 569 1253 contaminaret!
589 1174 657 1250 Sed
680 1174 737 1248 his
756 1174 909 1262 omissis,
932 1172 977 1248 ad
1000 1173 1116 1270 majus
1133 1171 1224 1246 illud
1248 1177 1284 1246 et
1299 1173 1411 1270 magis

293 1292 338 1368 ab
362 1292 635 1368 Atheniensium
662 1291 822 1365 moribus
845 1289 1005 1364 alienum
1029 1290 1169 1363 animus
1195 1290 1408 1364 advertatur.

295 1410 456 1507 Chorago
487 1413 639 1505 potestas
668 1405 893 1481 tribuebatur
916 1406 1064 1482 idoneos
1090 1430 1110 1481 6
1136 1404 1233 1479 tribu
1261 1405 1412 1504 eligendi

294 1548 384 1622 quos
396 1523 519 1612 vellet3
537 1524 566 1596 si
584 1523 664 1620 quis
673 1531 865 1615 recusaret,
882 1530 945 1598 aut
962 1523 1172 1614 mulctandi,
1188 1529 1250 1597 aut
1264 1523 1414 1621 pignora

294 1641 399 1717 abeo
423 1639 608 1715 auferendi
624 1637 691 1739 (t).
711 1642 816 1714 Pueri
841 1641 961 1729 etiam,
983 1665 1003 1716 e
1022 1638 1128 1716 domo
1149 1641 1260 1737 patris
1279 1640 1410 1727 educti,

294 1758 333 1832 in
355 1754 502 1831 arbitrio
521 1755 664 1852 choragi
684 1755 916 1830 versabantur
936 1756 1000 1854 qui
1026 1779 1086 1831 eos
1110 1756 1206 1830 domi
1226 1754 1411 1846 attinebat,

295 1871 340 1948 de
350 1871 539 1960 alimentis,
550 1871 594 1945 de
605 1869 1130 1969 potionibus,quaeriderentur
1142 1894 1217 1946 esse
1227 1871 1414 1963 sumenda,

295 1987 440 2087 jubebat
459 1984 525 2085 (1),
543 1987 679 2084 ingenti
692 2009 776 2062 sane
789 1988 929 2084 paterni
939 1987 1031 2086 juris
1048 1987 1274 2078 detrimento,
1293 2010 1407 2085 quum

297 2106 335 2180 in
349 2103 505 2178 alienam
524 2101 675 2176 domum
695 2103 847 2199 migrare
861 2127 940 2177 eam
957 2109 1097 2179 aetatem
1116 2109 1296 2204 cogerent,
1309 2105 1412 2202 cujus
1512 2193 1515 2198 ⁵

297 2219 390 2295 lama
409 2219 562 2294 maxime
581 2225 719 2317 poterat
736 2219 930 2317 periclitari
946 2219 1013 2319 (3).
1490 2311 1494 2320 ¹

347 2339 388 2410 ln
403 2357 462 2411 eos
481 2337 596 2433 quiin
612 2336 776 2412 ducenda
794 2359 925 2435 pompa
940 2336 1053 2412 autin
1073 2336 1340 2412 committendis
1358 2360 1413 2411 66-

298 2451 367 2526 cris
382 2449 636 2526 certaminibus
649 2451 784 2550 aliquid
797 2451 1035 2550 deliquerant,
1049 2476 1123 2527 non
1138 2453 1324 2528 communi
1332 2453 1346 2550 j
1351 2475 1414 2526 ure

297 2567 477 2666 agebatur,
507 2569 568 2642 sed
598 2591 730 2643 novum
753 2568 960 2667 questionis
981 2592 1108 2668 genus,
1135 2593 1224 2644 nova
1248 2569 1412 2659 crimina,

296 2705 396 2760 novae
420 2685 525 2760 etiam
552 2709 667 2783 poenae
696 2687 851 2761 indictae.
880 2687 1032 2776 Etenim,
1054 2685 1230 2784 Dionysiis
1250 2688 1413 2785 peractis,

297 2801 341 2877 de
354 2823 416 2876 reo
435 2799 602 2898 suffragia
620 2800 757 2877 terebat
774 2802 942 2900 populus,
960 2803 998 2876 in
1020 2802 1097 2899 ipso
1114 2803 1240 2878 Bacchi
1264 2801 1412 2899 templo,

297 2915 335 2992 id
362 2922 414 2990 est
440 2916 590 3006 theatro,
622 2924 873 3014 congregatus;
899 2916 961 2989 ubi
990 2938 1091 2990 reum
1118 2915 1309 3012 deliquisse
1328 2939 1413 3014 pro-

297 3032 501 3106 nuntiatum
516 3031 644 3123 luerat,
663 3031 708 3105 ad
727 3039 863 3106 certum
884 3031 1042 3107 tribunal
1066 3055 1123 3105 res
1142 3030 1293 3122 redibat,
1314 3029 1411 3130 quod

293 3148 862 3247 jamderpsapoenasententiam
881 3145 1041 3246 erret(
1044 3147 1071 3247 ).
1089 3149 1157 3236 Qui
1176 3149 1245 3223 hoc
1264 3151 1414 3223 actionis

296 3287 425 3364 genere
438 3261 645 3354 utebatur,
635 3287 665 3337 rs
681 3288 753 3339 non
770 3260 959 3354 δικάζεσθαι,
982 3265 1044 3338 ut
1034 3289 1073 3338 rn
1088 3266 1214 3340 ceteris
1232 3265 1411 3355 civilibus,

298 3381 372 3471 sed,
394 3381 537 3482 proprio
556 3379 729 3456 vocabulo
759 3380 981 3479 spoddttaotar
1003 3379 1189 3457 dicebatur
1203 3379 1269 3482 (1).
1288 3383 1356 3469 Qui
1376 3407 1412 3460 se

296 3497 404 3573 verbo
423 3504 486 3571 aut
502 3496 594 3572 lacto
613 3497 783 3572 violatum
803 3497 1031 3596 querebatur,
1055 3522 1142 3592 non,
1160 3507 1200 3573 ut
1222 3501 1260 3573 in
1280 3499 1414 3596 privata

298 3614 373 3705 lite,
389 3611 528 3712 legibus
550 3637 631 3712 quae
660 3613 809 3688 deviet
831 3613 961 3690 damno
985 3613 1066 3689 latae
1087 3615 1239 3706 inerant,
1262 3613 1324 3689 sed
1343 3639 1412 3712 pu*

298 3729 403 3822 blioe,
429 3753 472 3805 66
494 3730 571 3828 lege
594 3751 693 3805 sacra
713 3754 820 3828 quam
840 3730 1073 3807 Athenienses
1098 3729 1143 3804 de
1172 3754 1271 3806 sacro
1290 3753 1412 3807 mense

297 3845 466 3940 tulerant,
486 3838 611 3945 agebat
625 3845 694 3946 (o).

346 3967 434 4053 Quae
454 3965 601 4062 quidem
622 3963 689 4038 luit
711 3970 785 4039 tam
803 3963 974 4042 horrendi
989 3963 1156 4040 carminis
1178 3965 1412 4046 6111161116-Ρ

337 4213 380 4295 (4)
394 4205 544 4294 Antipho,
557 4203 655 4293 Sopor
664 4201 811 4290 odoreoto,
820 4211 959 4294 tlte-effi)
971 4211 1121 4293 Antipho,
1133 4209 1223 4290 11161,
1237 4214 1273 4275 ta
1287 4218 1319 4275 et
1330 4233 1378 4295 sq.

338 4308 380 4389 (3)
399 4305 498 4388 Leges
512 4308 552 4370 de
571 4300 735 4388 disciplina
749 4313 931 4388 puerorum,
952 4306 1144 4387 gravissimis
1157 4307 1262 4388 poenis
1273 4307 1410 4389 adscrip·

297 4403 349 4480 116,
364 4395 473 4464 retulit
486 4399 659 4480 AEsohines‚
675 4409 776 4464 contro
790 4399 947 4478 Timarete„
964 4403 1045 4464 947

338 4494 383 4576 (4)
404 4497 578 4574 Demosthe,
593 4496 624 4557 11
637 4449 771 4574 deuiam,
786 4499 853 4560 8-.9

340 4542 1040 4672 (1)11μ11111111111νμηνα1611161111111111.
1056 4588 1216 4654 Demosth.
1233 4587 1324 4669 11111,
1338 4592 1390 4655 26.

340 4682 379 4764 16)
400 4673 840 4763 1161116611,Ι1111.,986131.
