3736 5784
802 751 962 810 -89-

327 903 431 954 causa
452 878 515 980 (1).
531 909 546 948 a
574 881 613 952 L.
632 879 766 978 Scipio,
784 881 909 955 collata
929 879 974 953 ad
1000 878 1036 951 id
1057 879 1209 974 pecunia
1232 877 1275 951 ab
1297 879 1437 975 regibus

325 995 595 1093 civitatibusque
610 1005 644 1069 et
663 998 882 1094 congregatis
901 1020 964 1093 per
976 996 1096 1069 Asiam
1112 993 1320 1086 artificibus
1333 995 1438 1069 ludos

324 1136 387 1209 per
406 1113 528 1186 decem
547 1111 621 1185 dies
641 1112 722 1185 lecit
751 1111 816 1212 (t).
845 1115 933 1201 Quae
959 1109 1159 1208 spectacula
1183 1112 1321 1184 scenica
1349 1111 1437 1186 adeo

325 1228 551 1324 splendorem
571 1227 740 1301 ludorum
757 1252 886 1327 augere
900 1229 973 1302 visa
989 1236 1073 1301 sunt
1087 1234 1126 1299 ut
1142 1228 1247 1300 etiam
1264 1227 1437 1325 gladiato-

326 1369 405 1417 rum
426 1346 569 1418 muneri
588 1346 699 1442 quod,
718 1348 841 1420 mortis
864 1367 970 1420 causa
993 1344 1171 1442 patrissui
1191 1343 1288 1417 dedit
1303 1347 1342 1419 T.
1357 1345 1439 1419 Fla-

325 1464 496 1553 mininus,
516 1462 619 1535 ludos
639 1464 798 1536 scenicos
813 1462 972 1553 adderet,
990 1461 1034 1535 ad
1054 1484 1156 1558 quos,
1174 1485 1306 1558 graecos
1325 1463 1438 1536 artili-

324 1602 380 1654 oes
407 1580 613 1653 convenisse
638 1579 830 1653 verisimile
856 1586 908 1654 est
932 1577 998 1678 (3).
1030 1577 1232 1651 Cavendum
1261 1579 1367 1652 etiam
1394 1582 1438 1652 de

323 1695 418 1769 ludis
439 1695 552 1769 luerat
580 1696 914 1784 senatusconsulto,
943 1701 1088 1791 propter
1119 1694 1251 1768 effusos
1277 1703 1438 1793 sumptus

322 1813 432 1885 laotos
460 1813 496 1884 in
526 1810 630 1886 ludos
656 1814 708 1884 Ti.
741 1812 940 1908 Sempronii
972 1810 1100 1896 aedilis
1131 1811 1193 1908 qui
1218 1835 1338 1908 graves
1364 1836 1438 1886 non

323 1928 428 2000 modo
444 1927 553 2000 ltaliae
568 1951 608 2001 ac
620 1928 723 2001 sociis
739 1927 1032 2014 Latininominis‚
1052 1928 1112 2000 sed
1128 1928 1234 2001 etiam
1247 1929 1438 2023 provinciis

323 2045 475 2116 externis
493 2043 632 2117 lucrant
653 2043 718 2143 (4).

370 2162 535 2233 Ceterum
552 2166 591 2233 ut
605 2161 683 2233 haec
699 2162 835 2235 novitas
850 2162 1020 2237 ludorum
1042 2186 1240 2260 graecorum
1266 2162 1356 2236 bene
1374 2184 1439 2236 ac-

321 2282 421 2371 cepta
441 2283 507 2367 est,
530 2279 578 2350 ita
595 2279 705 2375 magis
729 2279 1000 2376 magnificentie
1021 2303 1126 2352 causa
1143 2279 1313 2354 inauditae
1330 2301 1438 2373 quam

321 2392 511 2488 voluptatis
538 2403 597 2468 aut
620 2396 842 2469 scenicarum
865 2396 997 2468 artium
1021 2395 1129 2468 studii
1147 2395 1296 2490 placuit;
1321 2418 1438 2492 neque

323 2512 434 2607 magis
449 2510 486 2582 in
502 2513 651 2585 scenicis
667 2536 774 2610 quarn
786 2514 822 2584 in
839 2511 969 2585 tabulis
984 2512 1087 2607 pictis
1102 2512 1257 2608 populus
1273 2534 1440 2585 romanus

323 2632 358 2699 et
385 2626 548 2724 plerique
571 2629 805 2724 imperatores
831 2629 1045 2701 intellexisse
1069 2628 1246 2700 videntur.
1270 2627 1438 2724 Lepidam

194 2814 197 2822 ,
323 2741 459 2838 Polybii
484 2744 727 2817 narrationem
751 2767 822 2817 non
847 2744 1088 2840 injucundum
1112 2745 1177 2816 erit
1201 2743 1337 2830 audire,
1369 2766 1439 2840 qua

326 2859 475 2954 scriptor
503 2860 651 2931 minime
677 2861 844 2934 Romanis
866 2859 1044 2948 adversus,
1074 2858 1179 2932 rudes
1205 2859 1440 2955 spectantium

327 2976 465 3048 animos
488 2985 522 3049 et
546 2977 723 3049 artificum
748 2976 845 3049 haud
881 2976 1061 3049 inficetam
1100 2978 1358 3073 impudentiam
1387 2976 1441 3050 el-

326 3092 448 3164 linxit:

383 3235 399 3302 a
419 3207 458 3278 L.
482 3207 642 3296 Anicius,
669 3209 789 3281 accitis
814 3233 833 3283 e
854 3211 988 3284 Graecia
1016 3208 1220 3283 clarissimis
1247 3209 1443 3284 artificibus

328 3330 578 3418 exstructaque
596 3328 632 3395 in
648 3325 750 3398 Circo
766 3325 985 3420 amplissima
1006 3349 1124 3412 scena,
1152 3326 1285 3421 primos
1304 3326 1443 3399 induxit

328 3437 492 3512 tibicines
510 3438 617 3511 simul
635 3462 773 3529 omnes,
795 3441 1023 3516 Theodorum
1047 3441 1225 3531 Boeotum,
1241 3443 1444 3538 Theopom-

329 3577 430 3650 pum,
449 3557 683 3652 Hermippum
700 3579 741 3628 ac
755 3557 1018 3653 Lysimachum,
1038 3558 1100 3654 qni
1123 3564 1200 3630 tum
1220 3559 1327 3631 totius
1342 3561 1444 3630 Grae-

329 3671 393 3742 ciae
409 3671 631 3744 celeberrimi
644 3679 758 3744 erant.
782 3676 867 3763 Hos,
891 3697 1003 3769 quum
1019 3676 1055 3746 in
1069 3675 1253 3771 proscenio
1269 3676 1444 3747 statuisset

330 3810 403 3860 una
430 3809 511 3860 cum
536 3787 659 3874 choro,
685 3787 792 3859 simul
825 3812 951 3863 canere
977 3812 1101 3863 omnes
1119 3791 1237 3886 jussit.
1263 3790 1337 3863 lllis
1365 3813 1446 3864 vero

330 3903 513 3976 modulato
536 3910 572 3975 et
596 3926 788 3977 numeroso
817 3903 1008 4001 digitorum
1038 3911 1136 3979 motu
1165 3904 1268 3979 tibias
1296 3929 1449 4003 percur-

329 4018 503 4110 rentibus,
525 4020 674 4093 Anicius
696 4023 834 4117 negavit
849 4045 909 4095 eos
924 4022 1016 4096 bene
1036 4045 1163 4096 canere
1185 4029 1221 4095 et
1240 4024 1350 4119 magis
1370 4046 1447 4098 cer-

329 4144 403 4209 tare
417 4136 536 4233 jussit.
555 4138 673 4220 Quum
689 4135 867 4210 haererent
889 4140 1074 4235 ancipites,
1100 4139 1246 4235 quidam
1266 4163 1285 4212 e
1305 4139 1446 4226 lictori-

330 4249 397 4330 bus
423 4252 632 4348 significavit
657 4257 695 4325 ut
715 4253 753 4324 in
773 4276 809 4326 se
828 4253 923 4350 ipsos
942 4257 1100 4329 conversi
1115 4265 1382 4349 concurrerent,
1405 4279 1445 4330 ac

372 4456 413 4537 (l)
435 4457 550 4532 Livius,
562 4451 704 4532 XXXIX,
721 4461 777 4534 223
799 4477 882 4520 anno
899 4463 964 4523 186.

369 4548 412 4630 (2)
433 4549 556 4610 Ibidem.
614 4605 615 4608 ,
684 4618 687 4623 ,

371 4645 412 4723 (3)
433 4643 549 4717 Livius,
565 4643 640 4717 XLI,
657 4645 705 4717 28,
723 4662 806 4704 anno
821 4648 889 4706 lit.

369 4734 412 4815 (t)
433 4735 538 4796 Livius
553 4738 615 4812 XL,
629 4740 689 4816 443
706 4739 1012 4802 senatusconsultum
1026 4761 1109 4804 anno
1122 4745 1178 4808 182
1191 4745 1308 4806 factum
1321 4745 1392 4807 fuit.
