3736 5784
779 724 815 738 ..
837 694 875 752 23
896 723 950 742 ..,

224 816 227 821 ’
300 827 337 899 in
359 827 483 923 primis
502 826 688 900 commissa
718 825 834 899 cerarii
854 847 940 898 cura
963 828 1000 896 et
1018 818 1204 918 quaerendi
1229 816 1417 914 diligenter

299 943 433 1016 reditus
449 941 515 1039 (l).
534 943 625 1016 Hinc
639 951 672 1016 et
691 950 853 1039 sumptus
865 941 910 1015 ad
925 935 1157 1013 celebrandos
1171 936 1246 1010 dies
1261 934 1368 1009 festos
1381 940 1417 1007 et

297 1058 497 1154 peragenda
511 1080 622 1147 sacra,
638 1081 719 1156 quae
735 1082 777 1131 ex
795 1057 973 1132 artificum
983 1053 1133 1129 decretis
1145 1057 1206 1125 aut
1218 1051 1415 1124 secundum

296 1173 457 1246 instituta
492 1172 670 1268 majorum
703 1172 779 1245 lieri
810 1168 1008 1256 dehebant,
1039 1166 1193 1241 curatori
1232 1164 1415 1262 praebendi

298 1295 421 1378 erant3
443 1311 509 1362 nec
524 1289 646 1362 minus
661 1288 844 1385 largienda
858 1284 1053 1359 artificibus
1065 1306 1108 1356 ex
1122 1281 1248 1355 carario
1261 1280 1300 1353 in
1314 1279 1416 1354 binos

298 1403 373 1478 dies
390 1404 556 1479 solennes
574 1402 772 1478 secundum
792 1402 906 1499 legem
925 1396 1106 1496 pecunia(
1132 1397 1159 1497 ).

348 1521 441 1606 Quin
461 1523 581 1610 etiam,
602 1521 727 1595 saltem
743 1518 839 1616 apud
854 1517 1102 1604 Athenienses,
1125 1523 1267 1589 curator
1280 1519 1415 1609 partem

301 1659 485 1711 sacrorum
498 1638 709 1735 attingebat,
728 1637 861 1733 quippe
875 1634 1049 1722 Philemo,
1063 1633 1241 1707 artificum
1253 1631 1412 1716 nomine,

300 1753 337 1826 in
351 1751 533 1827 Eleusinio
548 1752 695 1848 templo,
712 1775 812 1826 sacra
831 1749 973 1824 Deabus
988 1750 1122 1846 peregit
1142 1746 1236 1847 (vide
1251 1770 1288 1843 p.
1311 1747 1384 1844 35).

350 1873 434 1945 flac
444 1872 616 1944 curatoris
627 1869 808 1943 ordinaria
822 1869 945 1940 munia
953 1894 962 1955 ;
976 1866 1038 1940 illa
1049 1888 1131 1939 vero
1142 1871 1239 1938 extra
1253 1862 1417 1938 ordinem

300 1985 405 2060 etde
437 1986 577 2083 collegii
603 1986 798 2075 sententia,
828 1981 1067 2080 superaddita.
1097 1985 1216 2068 Quum
1241 1980 1351 2054 altare
1383 1989 1417 2055 et

301 2104 665 2201 templumartificnm
677 2104 857 2178 calamitas
870 2111 1071 2200 temporum
1082 2102 1272 2193 evertisset,
1285 2099 1417 2172 scenici

302 2218 519 2296 Philemonis
531 2219 716 2318 diligentia
727 2228 760 2295 et
773 2222 889 2295 studio
901 2219 1076 2307 delectati,
1092 2242 1178 2292 eum
1190 2218 1417 2292 vehementer

302 2335 535 2411 invitaverunt
551 2345 585 2410 et
600 2337 825 2410 adduxerunt
839 2342 879 2409 ut
890 2337 1046 2433 Jacentia
1064 2335 1231 2409 excitaret
1249 2333 1314 2432 (3).

351 2455 392 2524 ln
406 2451 463 2524 his
475 2453 643 2527 omnibus
661 2478 734 2528 non
745 2455 864 2528 solum
878 2453 969 2528 bene
986 2459 1021 2528 et
1036 2453 1243 2526 innocenter
1257 2474 1294 2524 se
1310 2450 1416 2547 gessit

303 2567 483 2658 Philemo,
506 2567 694 2643 sedetiam
722 2570 914 2659 aerarium,
935 2575 1125 2665 postquam
1153 2567 1321 2643 omnibus
1346 2568 1417 2640 im-

301 2683 421 2778 pensis
438 2707 503 2780 par
520 2684 707 2773 effecisset,
727 2687 840 2759 multa
858 2685 1011 2782 pecunia
1028 2691 1167 2758 auctum
1184 2683 1327 2757 tradidit
1347 2681 1359 2780 l
1386 2681 1413 2780 ).

301 2802 374 2873 Neo
397 2799 512 2896 impar
541 2797 732 2896 diligentiae
755 2801 820 2874 riri
851 2800 1096 2875 munificentia
1122 2799 1202 2873 luit.
1233 2801 1291 2872 Bis
1317 2799 1416 2872 enim

300 2914 446 3002 hostias,
477 2922 666 3012 apparatus
690 2922 724 2989 et
751 2922 885 2989 ceteros
910 2924 1073 3013 sumptus
1100 2918 1175 3012 ipse
1198 2915 1293 2989 ultro
1324 2939 1416 3012 prae·

301 3031 378 3104 buit
393 3031 446 3130 (5)
460 3038 567 3128 atquc
580 3031 719 3106 sodales
728 3032 773 3106 de
783 3056 860 3121 suo,
877 3033 1033 3106 duorum
1047 3033 1187 3106 dierum
1198 3033 1324 3128 spatio,
1341 3053 1416 3104 ma-

298 3147 428 3244 gnifice
450 3148 588 3244 excepit
602 3146 669 3246 (6).
692 3150 780 3237 Quae
798 3148 991 3224 liberalitas
1005 3147 1093 3223 adeo
1112 3147 1307 3223 artificibus
1318 3154 1416 3245 grata

300 3263 369 3337 luit
384 3270 422 3336 ut
434 3263 703 3354 Philemonem,
718 3266 791 3362 jam
806 3272 860 3340 ter
880 3268 1084 3364 magistratu
1106 3266 1287 3356 sunctum,
1309 3265 1415 3338 etiam

298 3386 465 3477 quartum
480 3381 658 3478 suscipere
670 3389 851 3479 cogerent,
865 3384 931 3455 viri
943 3381 1126 3457 modestiae
1141 3383 1211 3455 vim
1226 3380 1415 3457 inferentes

299 3497 405 3570 simul
424 3504 458 3570 ct
471 3495 664 3597 pecuniae(
691 3497 717 3597 ).

345 3616 391 3686 Ut
416 3614 523 3688 Attici
546 3616 739 3702 curatoris,
762 3615 918 3690 laudatio
950 3615 1188 3705 Philemonis,
1222 3617 1271 3690 ita
1296 3617 1412 3713 Argivi

300 3729 486 3825 quaestoris
499 3753 646 3817 munus,
662 3729 809 3804 solenne
825 3731 1002 3805 artificum
1015 3755 1058 3805 ex
1070 3733 1204 3807 lsthmo
1217 3739 1254 3806 et
1265 3736 1411 3823 Nemea,

299 3845 361 3943 qui
391 3845 494 3942 Argis
517 3844 850 3938 commorabantur,
879 3849 1061 3923 decretum
1086 3847 1286 3922 illustravit.
1309 3845 1412 3932 Quod

297 3983 430 4034 munus
448 3962 593 4036 maximi
612 3964 784 4038 momenti
801 3963 908 4038 luisse
926 3964 980 4037 vel
996 3989 1043 4039 ex
1059 3988 1102 4039 eo
1119 3965 1348 4061 perspicuum
1360 3970 1411 4036 est

296 4077 390 4175 quod
404 4078 490 4151 huic
506 4078 726 4174 magistratui
740 4079 857 4152 virum
872 4079 1123 4176 praefecerunt,
1137 4081 1213 4178 jam
1227 4104 1248 4155 a
1261 4079 1411 4177 pueritia

337 4310 378 4391 (r)
400 4313 452 4373 m.
466 4314 668 4385 aenomaus,
684 4309 863 4373 nectentes
876 4310 894 4370 a
908 4293 1036 4390 cmo,
1052 4315 1102 4390 aa,
1117 4313 1139 4375 1.
1156 4315 1257 4376 asae.

333 4403 377 4486 (e)
397 4402 518 4480 rosam,
531 4404 555 4465 1.
569 4406 605 4465 rr
619 4408 650 4464 et
663 4406 713 4466 39.

335 4497 377 4576 (a)
398 4495 520 4571 latrem,
537 4497 560 4559 1.
575 4500 672 4571 nn,
686 4499 785 4559 arar.

333 4589 376 4670 (r)
400 4588 555 4667 niceni.
572 4589 780 4673 noan-(s)
797 4589 953 4669 totamm.
969 4595 1117 4655 aserai.

334 4682 376 4766 (a)
400 4683 521 4760 rotam,
538 4683 560 4745 1.
581 4688 619 4746 rs
633 4685 726 4746 etas.
740 4684 831 4766 ..(r)
848 4684 970 4762 neom,
986 4688 1007 4749 1.
1024 4689 1075 4749 aa.
