3736 5784
981 670 1120 728 ..4-

496 817 571 869 rem
587 794 764 870 affirmare
785 803 855 871 tam
872 797 1107 886 incredibilia,
1124 797 1192 872 nisi
1215 796 1472 872 Demosthenes
1485 821 1604 874 exem=

493 911 554 1008 pla
573 920 868 988 commemoraret
886 911 1051 988 vindictae
1078 914 1249 1011 capitalis.
1274 912 1606 1011 Ctesiclem'quem-

494 1027 590 1117 dam,
623 1030 720 1125 quod
753 1030 794 1104 in·
821 1053 952 1127 pompa
979 1030 1166 1104 inimicum
1193 1035 1293 1105 scuto
1322 1029 1545 1127 pulsavisset,
1571 1038 1605 1104 et

491 1143 646 1243 populus
659 1151 796 1222 sontem
807 1143 995 1221 declaravit
1005 1142 1041 1220 et
1048 1144 1187 1245 judices
1202 1151 1315 1238 morte
1329 1146 1602 1222 mulctaverunt.

492 1260 593 1337 Alius
612 1262 719 1337 etiam
734 1261 797 1359 qui
812 1268 1045 1359 spectatorem
1064 1265 1108 1338 de
1129 1263 1232 1339 sedili
1253 1264 1291 1337 in
1307 1263 1445 1338 theatro
1464 1263 1605 1360 litigari·-

491 1384 564 1452 tem
579 1379 613 1452 vi
632 1377 826 1475 expulerat,
848 1380 923 1476 jam
944 1378 1069 1476 populi
1095 1379 1273 1476 suffragiis
1295 1380 1483 1454 damnatus
1506 1376 1605 1476 judi·

492 1494 811 1570 cumwsententiam
832 1494 1021 1593 capitalem
1045 1479 1161 1570 morte
1176 1502 1315 1570 tantum
1335 1495 1517 1572 antevertit
1536 1495 1602 1594 (l).

489 1615 567 1684 lam
584 1634 627 1684 ex
642 1611 717 1708 ipsa
735 1611 986 1685 Demosthenis
1001 1613 1160 1686 oratione
1176 1612 1295 1686 videre
1312 1618 1364 1686 est
1382 1633 1490 1710 quam
1505 1634 1605 1686 acer-

488 1725 545 1800 bae
558 1725 692 1800 fuerint
707 1731 743 1799 in
757 1725 895 1801 delictis
912 1725 1120 1825 hujusmodi
1132 1726 1337 1814 coercendis
1354 1727 1449 1825 leges
1466 1727 1509 1803 ad
1525 1727 1611 1803 llio·'

489 1843 589 1939 nysia
607 1843 837 1940 pertinentes.
854 1845 886 1916 ls
898 1843 1009 1932 enim,
1023 1849 1187 1941 suscepto
1202 1867 1265 1918 sua
1280 1851 1405 1941 sponte
1424 1866 1489 1939 pro
1506 1842 1603 1918 tribu

489 1983 553 2034 sua
576 1959 719 2056 choragi
742 1982 905 2053 munere,
926 1984 1040 2057 quum
1066 1960 1103 2034 in
1130 1960 1254 2036 ceteris
1279 1983 1301 2034 a
1322 1956 1430 2036 hlidia
1446 1965 1602 2066 vexatus,

490 2082 566 2150 tum
593 2076 785 2152 novissime
813 2076 965 2174 colopho
992 2086 1166 2178 exceptus
1182 2078 1220 2152 in
1243 2078 1396 2169 theatro,
1419 2076 1603 2152 inimicum

486 2192 561 2290 jam
581 2191 706 2289 populi
729 2192 937 2290 praejudicio
963 2192 1173 2269 damnatum
1197 2194 1292 2292 apud
1309 2193 1448 2293 judices
1466 2191 1510 2268 de
1533 2199 1604 2267 sta-

409 2311 416 2322 '
489 2306 623 2382 tuenda
642 2330 748 2404 poena
763 2307 1001 2405 persequitur.
1023 2312 1054 2380 A
1077 2307 1221 2405 quibus,
1244 2332 1309 2406 pro
1328 2309 1447 2406 legum
1463 2314 1603 2382 senten·

489 2423 563 2513 tia,
578 2445 643 2521 pro
662 2422 821 2519 ipsorum
837 2422 1085 2521 jurejurando,
1112 2423 1258 2500 ltlidiam
1282 2430 1397 2497 morte
1421 2422 1604 2496 mulctan-

490 2539 579 2613 dum
608 2561 683 2614 esse
711 2537 893 2613 contendit
911 2537 977 2637 (2),
998 2561 1115 2636 neque
1143 2538 1240 2612 enim
1267 2561 1303 2614 se
1327 2538 1515 2635 privatum,
1542 2533 1602 2609 sed

490 2655 614 2754 populi
633 2654 860 2728 Atheniensis
879 2655 1087 2752 choragum,
1118 2660 1380 2730 sacrosanctum
1404 2653 1461 2729 dei
1484 2652 1605 2725 minis

492 2777 602 2860 trum,
620 2771 657 2843 in
671 2770 749 2867 ipso
763 2769 899 2867 templo
918 2770 1076 2844 hominis
1096 2770 1305 2868 impotentia
1322 2768 1493 2844 uiolatum
1507 2791 1581 2844 esse
1591 2791 1600 2856 ;

490 2894 538 2981 et,
559 2885 730 2984 exemplis
748 2887 938 2984 majorum,
961 2886 1128 2984 injuriam
1147 2885 1299 2962 nonsibi
1315 2893 1452 2960 tantum
1469 2886 1604 2960 illatam

491 3005 551 3081 sed
565 3007 671 3080 etiam
682 3003 888 3101 reipublicae
900 3011 934 3078 et
946 3004 1011 3101 ipsi
1026 3005 1104 3095 deo,
1124 3004 1234 3079 sontis
1246 3003 1421 3102 supplicio
1436 3005 1604 3101 piendam

491 3145 566 3196 esse
579 3121 645 3221 (3).
670 3123 721 3196 Sit
743 3120 877 3193 nimius
897 3119 1000 3194 dolor
1014 3127 1169 3217 acceptae
1186 3120 1426 3208 contumeliae,
1445 3120 1490 3193 sit
1503 3143 1604 3195 acer-

492 3233 1364 3334 bitasinexigendisabinimicopoenisimmodica.
1378 3233 1603 3311 llludtamen

492 3349 738 3428 confitendum
761 3359 831 3440 est,
857 3375 1043 3448 nunquam
1064 3374 1191 3426 ausum
1215 3351 1322 3427 fuisse
1344 3358 1417 3425 tam
1442 3353 1607 3428 atrociter

494 3472 646 3547 crimina
660 3476 851 3559 exstruere,
873 3477 946 3545 tam
962 3494 1091 3546 soevam
1107 3491 1250 3568 poenam
1266 3492 1450 3567 reposcere
1469 3471 1537 3545 nisi
1557 3468 1574 3542 f
1593 3511 1607 3526 -

496 3588 662 3663 cultatem
678 3589 711 3662 ei
727 3587 823 3684 leges
837 3587 882 3661 de
901 3587 1076 3685 Dionysiis
1096 3586 1176 3661 latae
1196 3585 1446 3682 praebuissent,
1466 3592 1502 3660 et
1515 3586 1608 3683 judi-

498 3729 555 3779 ces
569 3705 662 3802 ipsos
681 3710 754 3778 tam
768 3702 990 3778 ambitiosam
1009 3708 1044 3778 et
1064 3703 1238 3777 immitem
1258 3702 1519 3777 accusationem
1533 3703 1606 3777 risu

498 3844 572 3894 non
592 3818 767 3892 sententia
790 3823 999 3914 excepturos
1019 3816 1140 3906 fuisse,
1164 3817 1232 3890 nisi
1253 3822 1290 3889 et
1309 3815 1378 3890 alia
1396 3816 1609 3891 exstitissent

499 3935 670 4011 similium
685 3957 872 4009 causarum
885 3931 1058 4030 exempla.
1075 3933 1161 4019 Quis
1173 3933 1270 4006 enim
1283 3939 1459 4008 oratorem
1474 3932 1609 4008 tulisset
1747 3973 1754 3985 ·

501 4052 545 4126 de
564 4076 661 4126 socru
677 4051 788 4148 ipsius
803 4055 897 4123 reste
910 4049 1063 4122 lacerata
1080 4054 1154 4122 tam
1167 4049 1294 4123 acriter
1306 4045 1552 4146 inuehentem(
1580 4049 1606 4142 ),

542 4382 585 4463 (t)
606 4377 781 4455 Demosth,
797 4373 888 4454 lota,
904 4377 1041 4439 lta-tal.
1060 4373 1174 4440 Confer
1193 4375 1289 4437 etiam
1302 4374 1404 4437 simile
1418 4372 1609 4457 exemplum,

502 4497 534 4559 p·
544 4482 584 4651 (ξ’)
594 4474 782 4642 Πὲἒὲᾶεῑὴ.,
793 4567 825 4625 in
839 4562 973 4640 Midiam,
985 4565 1035 4637 ¹10,
1050 4564 1161 4628 ma-
1172 4562 1214 4643 (3)
1224 4563 1399 4642 Demosth,
1411 4562 1607 4640 lemanno.

543 4665 586 4747 (l)
607 4660 782 4738 Demosth,
800 4657 887 4734 thid,
904 4661 952 4736 td,
968 4659 1018 4721 69.
1183 4687 1187 4694 ’
