3420 5604
770 586 928 644 ..94-

293 715 517 812 imperatoris
532 714 728 810 patrocinio
748 723 1006 805 consecratum,
1024 714 1174 788 decretis
1193 739 1264 790 suis
1286 718 1408 790 amoi-

293 833 423 907 tiosum
440 832 597 919 ,titulum
626 834 820 929 praeposuit
837 832 903 932 (l).
925 832 1028 920 Quod
1051 833 1315 906 incrementum
1335 837 1407 908 Ha·

294 948 410 1023 driani
429 949 649 1045 temporibus
670 950 837 1047 assignari
857 974 958 1047 posse
973 955 1146 1024 testantur
1163 949 1235 1024 duo
1249 949 1405 1047 lapides;

294 1090 388 1139 unus
408 1066 530 1163 grecis
554 1071 588 1140 et
605 1065 724 1140 latinis
744 1065 859 1140 verbis
880 1075 1071 1163 conceptus
1096 1067 1264 1140 Nemausi
1286 1091 1409 1164 reper-

294 1189 351 1255 tus
372 1190 438 1272 est,
461 1183 521 1255 sed
545 1182 721 1255 nonnulla
743 1184 928 1279 perierunt
949 1188 1010 1257 aut
1035 1208 1055 1257 a
1082 1182 1256 1256 scribente
1280 1186 1412 1258 omissa

296 1306 398 1386 sunt;
421 1299 586 1386 alterum,
612 1323 719 1394 quem
749 1297 933 1396 descripsit
958 1307 992 1374 et
1017 1298 1128 1374 edidit
1151 1299 1407 1398 Waddington,

296 1416 403 1512 paulo
420 1417 512 1488 infra
525 1415 674 1489 alteram
693 1414 758 1514 (t)

346 1533 445 1606 Idem
472 1533 711 1628 patrocinium
730 1532 882 1628 suscepit
904 1533 1074 1607 Hadriani
1095 1534 1208 1621 filius;
1231 1534 1325 1631 quod
1344 1531 1412 1606 de-

299 1649 407 1722 clarat
424 1648 513 1744 lapis
532 1649 669 1722 Atticus
690 1672 698 1720 :
728 1678 744 1717 «
764 1652 952 1722 Decretum
967 1674 1074 1724 sacrae
1098 1649 1323 1740 Hadrianeae,
1338 1653 1403 1722 An-

300 1765 431 1839 toninae
444 1765 643 1861 thymelicae
659 1765 906 1862 peripolisticae
922 1791 1058 1864 magnae
1072 1767 1334 1864 synodicorum
1350 1767 1413 1864 qui

301 1904 343 1956 ex
364 1890 441 1960 toto
465 1883 550 1956 orbe
575 1889 750 1957 terrarum
777 1884 870 1957 circa
889 1885 1070 1958 Bacchum
1096 1890 1131 1959 et
1157 1888 1413 1981 Imperatorem

300 2005 475 2076 Caesarem
497 2004 538 2072 T.
562 2000 694 2073 AElium
726 2000 945 2075 Hadrianum
970 2003 1193 2076 Antoninum
1214 2004 1414 2099 Augustum

301 2119 415 2208 Pium,
435 2140 568 2191 norum
584 2118 778 2206 Bacchum,
800 2133 895 2209 sunt,
913 2119 1089 2191 artificum
1106 2116 1172 2217 (3)
1189 2147 1206 2186 »

349 2238 400 2308 Ex
423 2235 492 2309 alio
516 2233 619 2307 titulo
640 2240 774 2307 constat
795 2234 1023 2324 Caracallum,
1043 2259 1156 2331 quum
1181 2257 1217 2308 se
1236 2232 1414 2307 heredem

300 2351 565 2425 Antoninorum
589 2356 623 2424 et
643 2351 831 2423 Commodi
858 2352 965 2424 etiam
994 2358 1159 2448 nepotem
1179 2353 1340 2448 jactaret,
1365 2351 1418 2422 li-

301 2468 428 2541 benter
443 2469 524 2541 noui
539 2467 667 2539 Bacchi
682 2489 878 2563 cognomen
894 2466 937 2539 ab
950 2467 1146 2540 artificibus
1161 2469 1335 2564 accepisse
1346 2465 1414 2565 (4);

301 2585 397 2660 unde
420 2587 459 2657 fit
475 2583 665 2658 verisimile
687 2592 720 2658 et
742 2588 900 2658 Marcum
919 2583 1105 2658 Aurelium
1121 2591 1155 2658 et
1177 2584 1417 2660 Commodum

302 2703 427 2776 eodem
446 2701 584 2799 collegii
601 2701 798 2798 patrocinio
814 2700 955 2775 lunctos
975 2724 1062 2775 esse.

351 2821 438 2905 Quae
454 2817 637 2907 vocabula,
662 2823 699 2889 ut
720 2817 758 2889 fit
780 2817 817 2888 in
839 2817 1099 2890 recentioribus
1118 2818 1243 2909 titulis,
1261 2817 1418 2914 plurima

302 2943 557 3033 congeruntur,
575 2959 616 3008 ea
632 2934 734 3008 lacile
750 2941 803 3006 est
818 2934 1055 3030 interpretari.
1078 2935 1183 3008 Sacra
1198 2935 1343 3030 quidem
1359 2935 1417 3008 di-

302 3055 394 3127 citur
409 3052 575 3150 synodus,
592 3058 713 3148 utpote
732 3052 879 3148 antiquo
897 3051 1026 3125 Bacchi
1046 3058 1080 3124 et
1099 3074 1190 3126 novo
1211 3052 1418 3148 principum

303 3170 500 3266 patrocinio
523 3175 738 3243 consecrata.
765 3167 969 3263 Thymelica
993 3166 1047 3240 rel
1075 3169 1210 3242 musica
1228 3192 1339 3265 genus
1358 3167 1420 3242 de-

304 3287 417 3382 signat
435 3309 479 3359 no
498 3309 580 3358 cum
599 3285 730 3380 xystica
752 3283 900 3380 synodo,
923 3308 1002 3379 quae
1022 3290 1074 3356 est
1091 3284 1319 3376 athletarum,
1337 3308 1419 3358 con·
1528 3329 1535 3342 -

304 3401 485 3475 tundatur.
508 3405 627 3487 Quum
650 3424 774 3474 omnes
799 3425 841 3474 ex
867 3408 941 3475 toto
963 3401 1049 3474 orbe
1072 3408 1247 3474 terrarum
1266 3402 1418 3475 artifices

304 3518 341 3590 in
361 3541 474 3591 unum
490 3519 701 3592 confinxisse
715 3525 900 3604 memoret,
926 3517 1007 3590 satis
1027 3525 1173 3614 apparet
1189 3517 1252 3592 illa
1270 3517 1419 3614 collegia

304 3657 384 3732 quae
408 3635 587 3731 prioribus
615 3633 836 3730 temporibus
854 3634 1074 3725 exstiterunt,
1100 3635 1137 3706 in
1159 3658 1271 3708 unum
1289 3657 1419 3730 corpus

305 3751 490 3825 coaluisse.
510 3756 643 3826 Rursus
662 3749 817 3847 synodus
834 3773 908 3824 non
925 3751 987 3823 uni
1001 3751 1189 3846 provincie
1208 3758 1268 3826 aut
1283 3751 1419 3849 regioni

343 3939 386 4021 (l)
405 3940 521 4001 Montio
543 3938 670 4020 collegii.
687 3939 845 4000 artificum
866 3957 904 3998 ex
921 3938 1009 3999 Ionia
1025 3944 1056 3998 et
1077 3938 1278 4018 Hellesponto
1297 3939 1332 3999 in
1350 3937 1420 4017 qui·

304 4031 439 4094 busdam
453 4034 609 4113 lapidibus
629 4034 797 4102 invenitur,
814 4037 905 4093 aetate
924 4033 1052 4111 quidem
1066 4034 1293 4113 imperatorum
1314 4050 1420 4094 exara-

304 4125 355 4204 tis,
376 4129 430 4188 sed
451 4146 587 4207 quorum
606 4133 729 4207 tempus
747 4145 812 4188 non
827 4127 929 4206 potuit
943 4134 1028 4188 certe
1044 4127 1180 4189 definiri.
1204 4131 1315 4209 Corpus
1329 4127 1417 4191 roser.

303 4241 351 4302 pr.
371 4224 461 4298 3082,
478 4225 566 4284 2933.

348 4316 391 4398 (fi)
415 4315 526 4397 Corpus
540 4317 628 4377 inser.
642 4336 698 4396 pr,
714 4318 791 4377 6785
806 4336 814 4390 3
828 4314 900 4375 vide
917 4331 950 4394 p.
970 4317 1019 4377 95.

346 4411 387 4490 (3)
412 4409 524 4490 Corpus
536 4411 623 4472 inser.
636 4431 696 4491 pr„
715 4413 773 4471 349
781 4425 792 4488 3
812 4408 851 4470 of.
865 4407 950 4469 tituli
963 4407 1177 4488 fragmentum
1189 4409 1350 4492 'thiatyrae
1365 4429 1417 4472 re-

305 4511 440 4585 pertum,
458 4508 535 4567 3476
551 4504 579 4566 b.

348 4598 391 4680 (4)
414 4597 525 4679 Corpus
540 4599 625 4662 inser.
643 4618 705 4678 pm,
721 4599 810 4672 6829,
826 4596 850 4659 l.
865 4600 912 4658 Μ.
