3736 5784
785 670 944 732 ..15-

304 834 382 884 rum
405 807 559 880 instituta
575 811 877 894 commemorant;
908 825 1063 902 quorum
1087 826 1161 877 non
1181 803 1300 877 minor
1318 803 1369 879 vis
1386 815 1420 878 et

303 925 611 1020 auctoritasquam
631 923 751 1019 legum
766 923 924 1019 ipsarum
944 917 957 1017 l
985 917 1012 1017 ).

352 1046 402 1115 lte
416 1040 541 1114 ceteris
556 1038 718 1137 singulis,
742 1061 823 1135 quae
841 1060 914 1112 non
932 1033 1070 1132 legibus
1083 1035 1222 1134 provisa
1237 1043 1299 1110 aut
1312 1037 1422 1112 insti-

303 1158 387 1232 tutis
409 1156 585 1252 majorum
601 1152 756 1228 stabilita
774 1159 887 1241 erant,
913 1150 958 1226 ad
978 1158 1135 1248 tempus,
1151 1157 1190 1224 nt
1209 1151 1345 1227 ferebat
1361 1177 1421 1228 ne-

183 1303 186 1308 ’
302 1273 456 1363 cessitas,
492 1294 555 1368 per
589 1271 729 1344 decreta
758 1268 1032 1359 consulebatur,
1059 1290 1214 1364 quorum
1245 1270 1421 1344 nonnulla

301 1389 480 1490 lapidibus
490 1388 603 1462 incisa
620 1408 734 1484 usqne
749 1385 793 1459 ad
807 1392 965 1460 nostram
979 1390 1121 1458 aetatem
1132 1393 1417 1482 permanserunt.

350 1505 537 1579 Artificum
562 1527 645 1577 vero
672 1503 848 1576 civitatem
871 1499 1083 1598 popularem
1110 1500 1228 1575 dicere
1258 1501 1354 1594 licet,
1381 1503 1420 1577 in

301 1608 372 1723 qua
389 1645 497 1719 penes
517 1620 691 1718 populum
713 1624 814 1692 erant
837 1618 971 1693 omnia.
996 1619 1064 1704 Qui
1083 1617 1248 1716 equibus
1262 1620 1421 1694 homini-

301 1739 368 1814 bus
386 1737 559 1812 conflatus
571 1735 680 1810 fuerit
693 1735 777 1809 satis
796 1733 925 1809 docent
941 1733 1051 1808 tituli.
1075 1736 1278 1809 Occurrunt
1291 1759 1420 1833 nempe

301 1860 415 1952 poetae
440 1852 528 1928 varii
545 1851 698 1949 generis,
719 1851 847 1925 musici
867 1851 1030 1924 omnium
1055 1850 1203 1940 artium,
1225 1850 1420 1949 dequibus

300 1971 338 2044 in
355 1969 450 2044 ludis
463 1967 688 2044 recensendis
704 1967 833 2042 melius
850 1965 1089 2062 disputabitur
1104 1965 1197 2066 (ride
1216 1990 1253 2063 p.
1272 1965 1347 2065 66),
1366 1991 1421 2042 ac·
1506 2061 1509 2072 .

300 2093 407 2176 tores,
429 2085 624 2172 saltatores,
647 2084 803 2181 magistri
831 2082 1000 2158 docendis
1030 2082 1160 2170 choris,
1182 2089 1290 2181 atque
1312 2086 1418 2159 etiam

300 2201 450 2273 vestium
469 2198 659 2275 locatores.
687 2201 820 2272 Pueros
841 2221 985 2296 quoque
1001 2199 1077 2294 .qui
1108 2200 1146 2271 in
1171 2200 1290 2274 choris
1314 2200 1420 2275 salta-

302 2314 386 2389 bant
404 2316 441 2389 in
457 2315 607 2412 collegio
625 2316 793 2390 educatos
813 2315 918 2388 luisse
940 2338 960 2388 e
982 2313 1161 2410 Delphicis
1176 2315 1307 2394 tabulis
1325 2317 1415 2390 vidi-

301 2451 381 2503 mus
401 2428 494 2528 (vide
511 2456 547 2527 p.
576 2436 630 2520 13,
650 2456 686 2505 n.
711 2429 744 2530 l)
756 2457 765 2519 ;
792 2453 881 2528 quos
899 2431 1007 2504 etiam
1027 2427 1185 2526 aliquam
1204 2438 1341 2528 partem
1366 2432 1417 2506 rei

298 2544 455 2641 publicae
476 2547 631 2641 attigisse
646 2546 865 2622 demonstrat
883 2544 1009 2619 titulus
1023 2546 1171 2642 Argivus
1194 2547 1232 2619 in
1253 2571 1324 2644 quo
1339 2547 1418 2622 lau-

299 2659 405 2734 datur
420 2663 607 2761 cujusdam
627 2661 768 2758 insigne
783 2663 943 2737 studium
956 2662 1031 2759 jam
1045 2684 1066 2734 a
1086 2663 1238 2758 pueritia
1254 2687 1337 2760 erga
1361 2688 1417 2740 so-

299 2773 481 2853 dalitatem
497 2778 717 2854 declaratum
738 2776 750 2876 <
777 2777 805 2878 ).

348 2894 509 2969 Hilarodi
538 2909 673 2984 contra,
696 2896 811 2997 mimi,
840 2901 876 2969 et
906 2897 1015 2971 ceteri
1047 2896 1084 2969 id
1114 2919 1239 2992 genus,
1262 2922 1416 2996 quorum

298 3006 395 3112 apud
412 3013 552 3086 Graecos
572 3035 714 3110 quoque
729 3011 830 3108 copia
848 3010 916 3084 luit
931 3008 983 3110 (3)
1003 3012 1042 3086 in
1062 3011 1162 3087 nullo
1183 3012 1332 3111 collegio
1355 3040 1417 3089 re-

297 3131 497 3228 periuntur,
530 3136 713 3204 eteorum
742 3126 935 3201 artificium
965 3152 1105 3226 semper
1127 3129 1358 3206 inhonestum
1382 3141 1417 3208 et

296 3245 473 3321 illiberale
491 3241 655 3319 habitum
679 3250 741 3318 est.
770 3247 866 3318 lnter
890 3251 1061 3342 utrosque
1086 3252 1227 3320 tantum
1250 3247 1319 3344 fuit
1338 3249 1416 3322 dis-

297 3365 434 3438 crimen
453 3368 494 3436 ut
515 3361 704 3459 Callippidi
719 3360 877 3458 tragoedo
892 3368 967 3435 arte
989 3360 1209 3459 superbienti
1231 3371 1266 3438 et
1288 3366 1414 3440 mirato

297 3480 482 3578 quodnon
497 3478 615 3552 statim
634 3478 756 3552 oculos
778 3478 931 3574 Agesilai
953 3479 991 3552 in
1013 3503 1049 3552 se
1068 3487 1287 3554 converteret
1311 3483 1417 3557 inter»

298 3595 506 3692 rogantique
533 3618 630 3669 «non
660 3595 821 3693 agnoscis
840 3619 910 3685 me,
939 3601 1112 3688 orent»,
1135 3598 1225 3671 nihil
1254 3599 1416 3673 acerbius

298 3729 405 3808 quam
420 3709 511 3783 illud
529 3710 905 3807 responderepotuerit
919 3740 935 3776 t<
949 3733 1070 3786 nonne
1090 3711 1305 3809 Callippides
1324 3722 1361 3787 tu
1378 3738 1415 3788 es

297 3824 494 3899 direlistctr
520 3826 577 3900 Sic
596 3833 715 3901 autem
733 3826 982 3902 Lacedemonii
1009 3829 1131 3902 mimos
1151 3828 1325 3903 vocabant
1345 3828 1357 3928 (
1385 3829 1410 3929 ).

297 3942 363 4018 Vix
376 3947 428 4017 est
450 3942 547 4038 quod
561 3965 727 4016 moneam
747 3943 957 4018 mulieribus
979 3943 1125 4019 nullum
1138 3945 1259 4020 locum
1285 3946 1322 4018 in
1337 3971 1413 4020 sce·

297 4056 386 4131 nicis
404 4053 562 4152 collegiis
577 4054 698 4148 luisse,
719 4080 833 4154 quum
853 4081 908 4132 res
929 4057 1066 4133 ludicra
1079 4083 1144 4156 per
1159 4060 1252 4135 viros
1272 4067 1412 4135 tantum

336 4283 377 4367 (l)
404 4284 518 4365 Corpus
527 4284 615 4348 iasar.
625 4289 785 4368 prs,306'l,
797 4287 819 4348 l.
831 4283 929 4378 292‘·
938 4287 1082 4367 Foucart,
1100 4289 1178 4351 titel.
1190 4287 1349 4368 laudat.,l.
1361 4295 1410 4356 32.

295 4402 335 4425 ε-
346 4383 396 4442 Fr.
412 4382 617 4454 Lenormant,
635 4380 846 4442 Becherclresd
863 4381 991 4454 Eleusis,
1007 4386 1056 4459 26,
1075 4382 1098 4444 l.
1116 4386 1165 4462 tl,
1179 4386 1227 4459 t8,
1244 4387 1294 4463 Ὦ,
1309 4387 1360 4447 4οι

337 4475 380 4556 (2)
401 4477 548 4552 Foucart,
564 4475 663 4537 Becare
677 4474 814 4550 arebe'ol„
832 4479 920 4553 1870,
937 4483 960 4538 t.
976 4478 1014 4554 ll,
1031 4497 1063 4558 p.
1081 4481 1148 4550 lor,
1165 4477 1186 4540 l.
1202 4482 1230 4540 6.

337 4569 379 4649 (3)
401 4569 580 4642 Athenaeus,
598 4570 677 4644 XlV,
692 4587 724 4648 p.
742 4573 812 4631 621.

338 4664 377 4743 (l)
400 4663 573 4740 Plutarchr,
590 4662 734 4743 Agesilao,
752 4667 803 4726 bl.-
