3736 5784
757 719 917 778 ...55-

284 851 436 924 artifices
452 847 495 924 ad
517 850 681 946 Dionysia
700 849 996 923 conducerentur.
1020 856 1060 924 ln
1079 854 1226 947 pecunia
1245 851 1395 926 locanda

236 947 239 952 ¹
284 963 1395 1064 ettuenda,miradiligentiadouantiumest,nequidmuneris

284 1080 339 1152 sui
354 1087 474 1176 pereat
487 1081 542 1154 vel
559 1082 604 1154 ad
620 1082 709 1156 alios
725 1105 811 1163 usus
824 1083 1046 1171 traducatur3
1070 1108 1151 1179 quae
1165 1084 1284 1156 omnia
1298 1107 1394 1158 seua·

284 1202 340 1267 tus
360 1197 501 1271 decreto
529 1199 662 1271 sancita
681 1205 715 1270 et
732 1199 1004 1295 magistratuum
1023 1199 1117 1272 curis
1133 1198 1390 1275 administrata.

284 1313 425 1386 Locutio
439 1314 535 1387 enim
551 1314 713 1411 pecuniae
733 1337 796 1409 per
815 1320 978 1387 senatum
996 1315 1073 1388 fieri
1091 1313 1206 1402 debet,
1222 1319 1396 1411 praeconis

284 1451 366 1501 voce
384 1430 560 1520 nuntiata,
577 1454 619 1504 ea
634 1428 838 1504 conditione
853 1436 893 1503 ut
910 1453 1053 1527 quoque
1072 1455 1193 1504 mense
1210 1456 1283 1506 uua
1299 1435 1397 1507 mina

216 1529 220 1537 ¹
285 1547 372 1618 duas
387 1543 573 1619 drachmas
594 1545 683 1618 ferat
700 1570 767 1619 nec
785 1547 950 1619 credatur
969 1547 1036 1619 nisi
1055 1546 1169 1620 tribus
1183 1549 1265 1620 viris
1289 1549 1394 1623 locu-

284 1659 438 1758 pletibus
454 1669 488 1734 et
511 1669 596 1736 natu
617 1660 811 1759 grandibus
822 1688 832 1750 3
851 1661 1028 1757 aquibus,
1047 1665 1076 1735 si
1096 1687 1168 1737 nou
1188 1669 1318 1737 statuto
1338 1665 1394 1739 die

284 1777 401 1852 ioenus
424 1778 589 1867 solvatur,
616 1778 747 1874 duplex
775 1779 989 1875 exigendum
1014 1779 1070 1852 sit.
1101 1779 1205 1877 Apud
1234 1790 1395 1855 senatum

284 1917 427 1991 quoque
450 1895 612 1990 pecuniae
630 1896 666 1967 in
685 1902 847 1991 sumptus
868 1901 1017 1992 erogatae
1037 1895 1125 1969 ratio
1146 1896 1326 1971 reddenda
1344 1907 1396 1972 est

283 2013 351 2108 ipsi
367 2013 589 2110 agonothetae
609 2016 647 2087 iu
671 2038 791 2111 quem,
816 2013 946 2110 siquid
966 2016 1174 2111 peccaverit,
1197 2019 1396 2092 secuudum

284 2128 397 2225 legem
420 2129 598 2226 agendum
620 2130 952 2227 nomophylacibus,
980 2132 1067 2204 siout
1087 2133 1122 2202 in
1148 2132 1225 2204 olir'r
1245 2136 1397 2230 pecuniis

285 2247 388 2318 sacras
404 2257 437 2317 et
452 2245 622 2344 publicis(
647 2244 675 2344 )

332 2361 403 2436 Nec
424 2362 544 2436 minus
560 2360 656 2458 quod
675 2362 720 2436 ad
741 2362 991 2436 conducendos
1012 2363 1162 2438 artifices
1181 2372 1313 2462 spectat
1327 2391 1395 2462 pu-

284 2477 375 2552 blice
397 2501 463 2574 per
489 2479 712 2574 magistratus
734 2485 957 2574 procuratur.
989 2507 1005 2547 r
1026 2481 1153 2554 Mittito
1182 2482 1315 2569 civitas,
1338 2505 1399 2556 se-

283 2594 443 2668 cundum
463 2595 686 2691 agonothetae
706 2594 833 2692 legem,
858 2595 903 2668 ad
920 2594 1171 2670 conducendos
1192 2597 1345 2673 artifices
1364 2605 1400 2672 et

284 2711 462 2807 Dionysia,
485 2734 526 2784 ex
542 2734 612 2808 quo
627 2713 810 2808 incipient,
828 2712 940 2785 altero
962 2736 1106 2809 quoque
1126 2737 1220 2788 anno
1237 2725 1392 2814 peragat,

283 2828 353 2901 nisi
384 2826 521 2900 bellum
553 2826 690 2919 obstet,
719 2827 965 2902 differentibus
989 2835 1112 2903 senatu
1145 2837 1180 2902 et
1207 2834 1393 2906 concione.

284 2942 497 3030 Conducito,
520 2967 539 3016 e
564 2943 700 3017 foenore
729 2945 838 3018 trium
873 2944 1106 3034 talentorum,
1140 2948 1397 3045 quinquaginta

284 3061 464 3132 minarum
486 3060 752 3133 Corinthiarum
774 3061 901 3156 pretio,
924 3068 994 3136 tres
1022 3061 1199 3154 tibicines,
1231 3071 1302 3137 tres
1325 3073 1395 3139 tra·

282 3177 417 3274 goedos,
440 3183 509 3249 tres
528 3175 708 3251 comoedos
729 3177 780 3276 (id
799 3185 863 3266 est,
882 3184 953 3251 tres
975 3201 1095 3276 greges
1116 3181 1266 3276 tragicos
1281 3189 1315 3254 et
1334 3205 1397 3256 co-

283 3292 408 3392 micos)
414 3347 517 3366 .......
537 3295 652 3368 Danto
679 3317 821 3390 quoque
849 3293 1044 3368 artificibus
1067 3319 1086 3368 e
1106 3295 1241 3369 imnore
1265 3298 1395 3371 victum

279 3410 430 3507 justum,
445 3416 574 3506 praeter
588 3410 848 3506 quinquaginta
863 3412 979 3484 minas
993 3413 1056 3505 (2).
1070 3440 1086 3478 »
1109 3411 1144 3483 Si
1164 3420 1308 3508 propter
1325 3414 1397 3489 bel·

282 3524 1397 3625 lumautaliameausamtudiperaginonpossunt,pecuniacu·

283 3643 411 3716 mulari
430 3642 550 3732 debet3
569 3645 597 3716 si
609 3650 754 3740 peccato
769 3643 918 3717 civitatis
931 3667 1004 3716 non
1016 3643 1057 3715 tit
1070 3667 1156 3717 usus
1170 3649 1397 3745 praescriptus

283 3760 452 3848 muneris,
467 3757 509 3832 de
528 3759 680 3855 pecunia
697 3759 792 3833 cadit
808 3782 916 3855 quam
930 3758 996 3832 sibi
1010 3757 1221 3834 donantium
1235 3762 1396 3838 haeredes

282 3875 525 3948 vindicabunt.

329 3991 487 4064 Titulum
515 3990 776 4086 longissimum,
798 3996 864 4064 116
880 3990 1039 4064 versibus
1064 4000 1258 4086 exaratum,
1283 4020 1392 4092 quam

282 4107 485 4182 brevissime
511 4107 669 4202 exposui.
706 4109 795 4180 Sunt
824 4113 943 4179 tamen
976 4109 1139 4203 quaedam
1170 4111 1324 4186 notanda
1353 4115 1397 4188 de

282 4222 445 4299 mercede
461 4222 651 4297 artificum.
677 4222 792 4308 Quam
812 4222 956 4296 sirecte
976 4231 1183 4319 computare
1204 4226 1302 4316 velis,
1323 4252 1396 4301 me·
1422 4235 1425 4244 ’

284 4340 426 4414 minisse
446 4345 583 4436 oportet
609 4338 705 4433 quod
731 4337 838 4410 fuerit
858 4345 944 4410 tuuc
969 4341 1133 4435 temporis
1152 4343 1313 4436 pecuuiae
1329 4344 1396 4435 foen

322 4618 360 4694 (1)
384 4615 496 4694 Corpus
507 4618 598 4674 inser.
612 4633 671 4692 pr,
682 4615 769 4682 1815,
783 4611 804 4673 l.
821 4615 890 4673 105.

325 4709 366 4790 (2)
389 4707 600 4786 Corpcaa'mcr.
615 4725 676 4786 gra,
692 4708 781 4782 1815,
798 4705 820 4766 l.
838 4707 945 4767 15-15.
