3736 5784
737 687 895 746 ...ῃ-

309 820 455 895 Actorcs.
473 819 709 894 Dramaticam
728 819 863 916 poesim
879 820 1030 894 maximo
1049 818 1223 917 placuisse
1237 819 1371 894 indicio

259 944 312 1010 est
325 938 559 1012 certaminum
581 959 754 1010 uumerus
775 943 811 1011 et
835 943 995 1012 actorum
1015 938 1128 1032 copia.
1157 935 1201 1012 lli
1226 937 1372 1011 luerunt

257 1054 366 1127 trium
382 1077 578 1150 generum:
599 1053 750 1149 satyrici,
771 1054 891 1150 tragici
911 1060 945 1126 et
961 1054 1102 1128 comici.

306 1173 510 1266 Satyrorum
529 1176 665 1244 actores
683 1193 703 1242 a
718 1169 889 1244 comoedis
907 1175 942 1244 et
954 1169 1122 1268 tragoedis
1137 1170 1319 1245 distinctos
1333 1172 1371 1244 in

257 1287 422 1385 pluribus
441 1286 554 1361 titulis
579 1287 748 1360 invenias.
770 1290 923 1361 Ornatus
942 1309 1085 1385 quoque
1111 1288 1215 1363 certis
1240 1287 1370 1360 discri-

256 1402 448 1478 minibusa
469 1400 641 1478 comoedis
669 1402 858 1493 differuut3
880 1405 983 1501 cujus
1005 1403 1103 1477 haud
1120 1427 1233 1501 pauca
1251 1427 1372 1478 exem-

256 1520 315 1618 pla
330 1543 350 1594 e
364 1521 453 1595 vasis
473 1520 577 1616 pictis
596 1526 738 1616 sumpta
757 1518 899 1617 collegit
918 1526 954 1593 et
978 1520 1166 1618 diligenter
1184 1519 1373 1594 illustrarit

256 1634 427 1709 Wieseler
448 1633 511 1734 (l).
536 1635 686 1710 Maxime
705 1635 949 1710 memorabilis
967 1642 1020 1710 est
1047 1638 1185 1734 pictura
1206 1637 1371 1735 quaedam
1489 1651 1490 1654 ’

256 1750 293 1823 in
309 1773 380 1848 qua
393 1752 512 1825 videas
532 1756 648 1826 totum
663 1753 855 1849 satyricum
873 1776 1029 1850 gregem,
1043 1753 1192 1851 jamjam
1210 1752 1370 1827 fabulam

256 1875 420 1943 acturum
434 1874 469 1941 et
484 1876 629 1942 umatus
643 1868 868 1941 induentem.
891 1869 1023 1943 Omitto
1036 1869 1216 1943 Bacchum
1231 1868 1371 1943 inlecto

256 1983 511 2060 cummianus
536 1984 804 2059 recumbentem
828 1989 864 2057 et
880 1988 1017 2060 Musam
1037 1986 1097 2058 cui
1119 1985 1283 2060 Himeros
1303 1987 1370 2060 de-

255 2099 376 2175 volans
393 2123 563 2174 coronam
578 2098 696 2188 affert,
718 2123 799 2196 quae
823 2101 942 2173 nescio
962 2123 1007 2173 an
1034 2100 1105 2173 sint
1123 2100 1243 2174 relatae
1259 2101 1373 2175 victo·

257 2219 318 2290 riae
343 2217 558 2290 testimonia.
594 2220 695 2289 Stant
713 2222 784 2290 tres
802 2222 937 2290 actores
952 2218 1027 2313 jam
1053 2217 1186 2313 parati,
1214 2240 1369 2314 quorum

258 2358 352 2408 unus
365 2332 570 2420 Herculem,
586 2333 674 2406 alter
687 2333 862 2423 Silenum,
877 2335 1000 2406 tertius
1010 2334 1129 2407 nescio
1141 2356 1249 2429 quem
1261 2335 1368 2410 heroa

259 2450 395 2540 reddit;
421 2456 498 2523 turn
524 2450 646 2523 decem
667 2451 842 2547 juvenum
865 2449 1008 2540 chorus,
1035 2450 1096 2545 qui
1118 2450 1193 2547 jam
1218 2436 1369 2524 accincti

235 2566 401 2664 ‚cingulo
428 2565 577 2663 satyrico
604 2572 639 2639 et
663 2567 756 2639 varie
783 2566 948 2665 saltantes
972 2573 1033 2640 aut
1066 2568 1229 2641 sedentes
1258 2591 1368 2641 manu

256 2705 443 2779 porsonam
460 2683 647 2778 satyricam
663 2688 803 2779 gerunt.
827 2683 889 2754 His
908 2683 1069 2755 occinere
1089 2691 1214 2780 parant
1234 2682 1367 2758 tibicen

255 2807 290 2874 et
318 2799 498 2873 citharista
505 2825 515 2887 ;
544 2797 641 2873 sedet
666 2797 866 2872 didascalus
891 2821 999 2871 manu
1031 2799 1172 2872 sinistra
1199 2798 1367 2874 volumen

255 2916 423 2989 retinens.
441 2918 560 3000 Quum
576 2914 754 3010 plerisque
769 2914 917 2988 nomina
932 2912 1107 3010 adscripta
1121 2914 1204 3001 sint,
1221 2915 1295 3011 jam
1311 2916 1367 2987 in-

257 3032 393 3129 telligas
409 3054 488 3105 eam
507 3033 682 3128 picturam
702 3053 776 3104 non
802 3052 844 3103 er
864 3028 1010 3104 arbitrio
1034 3031 1279 3126 compositam,
1306 3029 1365 3105 sed

255 3172 372 3222 veram
387 3148 541 3245 effigiem
561 3147 668 3221 unius
686 3147 800 3244 gregis
815 3146 967 3242 satyrici,
989 3146 1134 3220 fortasse
1153 3146 1197 3220 ad
1218 3170 1365 3222 servan-

256 3265 338 3340 dam
352 3265 507 3339 uictoriae
522 3264 745 3352 memoriam,
760 3285 962 3360 expressam
972 3262 1093 3336 fuisse.
1111 3265 1229 3349 Quum
1242 3287 1285 3336 ex
1297 3264 1364 3338 hac

255 3385 405 3481 pictura,
426 3388 503 3455 tum
519 3403 539 3453 e
554 3380 679 3453 ceteris
692 3378 812 3453 videre
830 3386 881 3452 est
901 3380 940 3452 in
959 3381 1082 3477 satyris
1097 3379 1365 3478 diligentissime

254 3498 399 3590 retineri
420 3494 522 3569 solita
545 3497 670 3593 priscae
691 3496 837 3592 originis
863 3496 1015 3585 indicia,
1036 3520 1164 3594 nempe
1180 3498 1364 3595 cingulum

255 3615 455 3688 coriaceum
471 3635 555 3686 oum
570 3612 768 3710 ithyphallo
779 3620 814 3686 et
832 3613 945 3687 cauda
964 3614 1108 3710 caprina
1120 3619 1225 3711 atquo
1239 3638 1364 3711 perso-

254 3755 319 3804 nas
331 3731 450 3804 vultus
465 3733 669 3826 Satyrorum
686 3728 891 3803 relerentes.

303 3852 343 3920 ln
363 3844 493 3920 tabulis
513 3846 748 3919 certaminum
767 3847 895 3943 saepius
913 3845 1035 3919 victori
1052 3855 1166 3943 poetae
1184 3871 1284 3922 novae
1306 3872 1363 3923 co·

254 3963 394 4038 moediae
413 3969 473 4037 aut
494 3961 671 4060 tragoediae
690 3961 902 4036 adscribitur
918 3967 1016 4035 actor
1034 3963 1245 4059 primarum,
1268 3964 1364 4062 quod

254 4082 292 4154 in
306 4078 506 4155 didascaliis
517 4078 632 4152 atticis
644 4078 901 4153 recentioribus
914 4101 1056 4175 semper
1069 4079 1201 4153 lactum
1214 4088 1277 4155 est.
1295 4083 1364 4168 oui

254 4197 298 4269 sit
311 4196 459 4271 omnino
474 4196 535 4291 qui
558 4200 704 4269 vocatur
721 4207 815 4267 actor
837 4217 929 4267 noooe
950 4195 1135 4286 comedia,
1157 4208 1250 4270 actor
1274 4221 1366 4271 noooe

254 4313 433 4412 tragedia,
457 4334 541 4386 cum
555 4310 618 4385 illa
639 4311 748 4385 altera
767 4310 962 4407 quaestione
982 4309 1213 4407 conjunctum
1235 4320 1299 4405 est,
1320 4315 1364 4388 de

292 4592 336 4674 (l)
357 4591 670 4672 'lheatersgebaeude
701 4623 741 4635 -
763 4591 959 4654 Monumenti
983 4591 1108 4668 scenici,
1131 4591 1241 4654 Aoocl.
1265 4591 1362 4653 Instit.

255 4687 345 4762 orob,
363 4690 454 4765 1853,
466 4706 499 4766 p.
513 4690 570 4760 333
586 4688 674 4759 1871,
689 4704 720 4764 p.
734 4689 785 4746 97.
