3736 5784
652 701 658 712 .
780 667 937 726 -19..

301 801 432 874 bantur
441 827 451 890 ;
467 799 543 892 sed,
559 799 621 875 ubi
637 825 751 876 annus
766 801 965 876 accuratius
977 798 1204 874 definiendus
1216 806 1304 886 erat,
1322 821 1415 873 eam·

300 922 381 996 dem
398 927 599 1018 temporum
619 922 794 996 rationem
818 945 925 1018 quam
948 921 1105 995 civitates
1129 920 1166 991 in
1191 919 1321 1016 quibus
1341 942 1416 992 ver-

300 1035 482 1124 sabantur,
498 1035 729 1133 usurpabant.
750 1041 801 1110 lta
815 1037 890 1128 Tei,
909 1037 1101 1132 septimum
1118 1059 1254 1109 anuum
1268 1057 1418 1131 regnan-

299 1155 343 1226 tis
366 1153 473 1227 Attali
503 1154 646 1250 praefert
670 1178 763 1226 uuus
791 1153 917 1226 titulus
943 1152 1013 1251 (l);
1044 1153 1166 1250 Argia,
1200 1152 1353 1226 alterum
1384 1157 1420 1223 et

300 1270 520 1344 tricesimum
540 1293 701 1360 annum,
722 1271 824 1343 nulla
841 1269 910 1344 alia
934 1270 1196 1367 designatione3
1226 1269 1307 1365 qui,
1329 1278 1419 1342 etex

302 1386 380 1460 aliis
396 1386 537 1460 indiciis
552 1394 622 1459 ete
646 1409 745 1460 more
765 1387 803 1458 in
819 1383 987 1459 omnibus
1006 1383 1149 1481 populis
1169 1384 1255 1457 olim
1273 1385 1419 1457 Achaici

302 1503 446 1576 loederis
460 1502 693 1598 participibus
707 1502 900 1588 obtinente,
917 1499 961 1574 ab
977 1500 1108 1574 Achaia
1122 1501 1160 1572 in
1176 1500 1326 1585 formam
1340 1524 1420 1596 pro·

303 1619 430 1693 vinciae
447 1621 600 1709 redacta,
619 1617 879 1717 computandus
893 1624 946 1690 est
961 1616 1026 1714 (3).
1047 1617 1195 1689 Athenis
1209 1641 1306 1704 vero,
1328 1623 1369 1689 ut
1382 1617 1420 1688 in

303 1733 472 1812 omnibus
488 1742 549 1809 aut
563 1737 711 1809 civitatis
734 1741 794 1809 aut
811 1734 1046 1831 collegiorum
1067 1733 1154 1806 actis
1169 1732 1333 1820 solitum,
1358 1756 1421 1805 ar-

303 1851 442 1927 chontis
459 1851 624 1948 eponymi
639 1849 821 1925 mentione
836 1851 921 1924 anni
938 1855 1109 1923 notantur
1126 1847 1190 1947 (3).

353 1970 386 2040 ls
406 1973 527 2042 autem
556 1966 685 2041 Bacchi
717 1967 901 2058 sacerdos,
929 1989 1003 2039 non
1032 1974 1125 2038 sorte
1155 1963 1217 2038 sed
1243 1965 1421 2062 suffragiis

305 2083 576 2178 designabatur3
593 2106 717 2157 annua
731 2084 877 2180 quidem
893 2089 968 2157 erat
980 2082 1143 2179 dignitas,
1166 2083 1228 2156 scd
1242 2083 1291 2154 ita
1303 2090 1422 2155 tamen

307 2206 347 2272 ut
367 2198 460 2274 idem
478 2221 542 2296 per
560 2199 681 2294 plures
702 2223 815 2273 annos
833 2199 915 2295 eligi
941 2204 1072 2294 posset.
1099 2198 1203 2284 Quod
1222 2221 1268 2272 ex
1292 2197 1424 2271 illustri

307 2315 428 2411 etjam
443 2313 534 2408 bene
557 2320 642 2387 noto
666 2315 828 2390 Cratonis
849 2313 1012 2409 exemplo
1028 2314 1257 2387 manifestum
1277 2319 1340 2401 est,
1361 2313 1423 2409 qui

307 2429 360 2504 bis
375 2428 570 2504 sacerdotio
591 2430 736 2504 iunctus
749 2438 801 2504 est
818 2428 884 2530 (t).
902 2429 1063 2504 Alterum
1076 2431 1183 2503 etiam
1197 2429 1424 2527 suppeditant

306 2547 488 2645 Delphicae
503 2547 647 2639 tabulae,
670 2557 824 2647 quatuor
840 2551 943 2624 annis
962 2547 1122 2647 ejusdem
1147 2549 1339 2624 sacerdotis
1354 2572 1423 2622 no-

305 2665 402 2740 mine
414 2667 604 2763 praeposito
620 2665 685 2766 (ὅ).

354 2785 459 2857 Hunc
484 2791 601 2858 autem
633 2807 675 2858 ex
700 2783 877 2858 artificum
906 2808 1054 2882 corpore
1079 2783 1185 2858 tuisse
1220 2791 1256 2857 et
1280 2791 1423 2881 propter

307 2896 515 2995 dignitatem
543 2899 733 2972 artificium
758 2923 833 2973 non
861 2901 1044 2990 omisisse,
1072 2923 1276 2998 quanquam
1304 2924 1368 2996 per
1386 2925 1424 2975 se

308 3015 391 3088 satis
406 3022 514 3113 patet,
529 3015 667 3090 disertis
680 3022 799 3090 tamen
814 3015 976 3112 lapidum
991 3017 1202 3090 testimoniis
1217 3016 1422 3090 confirmari

308 3131 395 3205 utile
411 3131 576 3206 arbitror.
603 3135 707 3205 Grato
727 3138 822 3205 certe
846 3131 978 3205 tibicen
1003 3132 1157 3228 cyclicus
1180 3134 1216 3205 in
1238 3132 1423 3207 nonnullis

307 3247 420 3321 titulis
448 3247 648 3346 appellatur
682 3247 732 3347 (6)
764 3255 906 3322 etcum
937 3251 1106 3324 cecinisse
1139 3251 1235 3347 apud
1267 3253 1422 3325 Iasenses

306 3365 543 3439 certissimum
561 3376 613 3438 est
629 3363 693 3463 (7).
718 3368 758 3437 ln
777 3364 901 3439 eodem
917 3365 1034 3463 lapide
1050 3374 1266 3440 memoratus
1281 3373 1315 3442 et
1333 3367 1423 3440 alius

305 3480 452 3571 tibicen,
475 3483 618 3576 Satyrus
632 3480 815 3554 Aristoclis
831 3485 989 3573 Boeotus,
1002 3483 1098 3555 idem
1114 3505 1189 3557 esse
1203 3485 1343 3558 ridetur
1360 3486 1423 3581 qui

306 3599 461 3693 Satyrus,
495 3596 633 3693 collegii
661 3597 748 3682 Teii,
776 3597 938 3670 Cratonis
964 3603 1141 3694 tempore,
1164 3599 1327 3673 sacerdos
1357 3598 1419 3698 (8).

308 3715 359 3785 Ex
384 3711 510 3788 ecdem
530 3712 680 3808 collegio
709 3713 892 3786 Cratinum
922 3713 1140 3788 sacerdotem
1164 3714 1348 3810 probabile
1371 3723 1423 3789 est

346 4005 388 4086 (l)
412 4001 528 4086 Corpus
542 4003 628 4067 inser.
645 4025 705 4086 pm,
721 4006 811 4070 3070.

346 4099 389 4181 (2)
411 4103 556 4175 Foucart,
571 4099 669 4161 Reoue
682 4099 824 4176 urcbdol„
842 4096 929 4177 1870,
946 4107 966 4161 t.
983 4101 1020 4175 ll,
1037 4101 1057 4161 l.
1071 4107 1101 4162 7.

346 4194 389 4272 (3)
411 4197 461 4255 Fr.
476 4197 676 4270 benormant,
692 4192 869 4254 Becberclres
886 4176 1045 4271 dE'leesic,
1062 4199 1111 4273 26,
1127 4196 1148 4258 l.
1165 4199 1213 4274 13,
1231 4202 1280 4261 363

344 4286 388 4366 (b)
411 4288 525 4372 Corpus
539 4288 628 4348 inser.
645 4307 705 4367 qr„
723 4290 813 4362 3067,
830 4287 853 4348 l.
873 4292 934 4350 6-0.

344 4379 388 4460 (5)
409 4381 599 4462 Imcrrptions
613 4381 732 4442 ineditas
743 4381 777 4442 de
791 4381 930 4460 Delpbes,
945 4387 974 4458 3,
989 4387 1018 4460 l,
1037 4387 1065 4461 5,
1083 4389 1111 4446 6.

345 4473 388 4553 (6)
413 4473 526 4556 Corpus
540 4477 628 4536 r'nscr.
644 4495 705 4557 pr„
722 4479 799 4538 3067
815 4483 846 4538 et
862 4495 926 4556 seq.

348 4568 389 4648 (7)
410 4573 453 4632 Le
466 4572 526 4631 Bas
541 4577 572 4631 et
585 4571 810 4650 Waddington,
830 4570 921 4632 [narr.
936 4571 1185 4653 d'Asr'cMineurc,
1201 4580 1268 4638 255.

351 4662 394 4744 (8)
411 4665 523 4744 Corpus
536 4664 624 4725 inser.
638 4685 699 4744 pm,
712 4668 790 4728 3068
802 4668 838 4726 Α,
