3420 5604
882 567 1039 626 ..38-

462 728 477 764 «
495 699 562 772 [lii.
582 701 607 768 E
623 701 817 772 Metron...
849 699 983 774 Placuit
1006 695 1314 794 Amphictiouibus
1340 701 1374 765 et
1394 692 1515 766 hiero-

405 813 655 888 mnemonibus
664 821 700 886 et
709 818 879 911 agoratris
891 824 926 890 et
936 816 1093 912 synedris
1105 810 1516 888 universisinviolatosel

404 932 584 1004 immunes
594 954 669 1004 esse
680 931 832 1004 artifices
843 934 904 1028 qui
918 938 1003 1004 sunt
1018 931 1166 1004 Athenis
1172 955 1182 1016 ;
1198 952 1243 1002 ne
1257 928 1361 1000 liceat
1376 925 1516 999 trahere

402 1049 519 1121 ullum
543 1049 716 1122 artificem
739 1071 855 1144 neque
883 1032 982 1121 bello
1007 1071 1122 1145 neque
1149 1050 1249 1142 paee,
1276 1065 1394 1140 neque
1422 1050 1517 1115 terra

401 1187 516 1260 neque
544 1165 653 1254 mari3
680 1165 741 1238 sed
764 1163 835 1237 illis
859 1166 1008 1261 supersit
1032 1164 1238 1236 immunitas
1264 1168 1299 1233 et
1324 1159 1512 1246 securitas,

396 1282 472 1375 jam
487 1281 586 1375 prius
601 1277 645 1351 ab
661 1278 829 1352 omnibus
846 1281 976 1351 Graecis
994 1302 1160 1351 concessa
1170 1303 1179 1364 ;
1203 1278 1270 1349 siut
1290 1281 1408 1348 autem
1428 1273 1514 1345 arti-

400 1391 484 1464 fices
505 1392 686 1464 immunes
707 1389 805 1464 omni
826 1389 954 1464 militia
973 1398 1009 1463 el
1023 1391 1178 1464 terrestri
1202 1395 1236 1461 et
1260 1388 1450 1472 maritima,
1474 1389 1518 1456 ut

398 1505 474 1580 deis
488 1506 636 1603 legitimi
652 1507 819 1595 honores,
843 1529 995 1602 quorum
1017 1507 1127 1603 gratia
1144 1506 1298 1578 instituti
1317 1511 1402 1577 sunt
1421 1501 1516 1575 arti-

398 1622 496 1711 lices,
522 1630 734 1718 peragantur
759 1623 857 1694 statis
885 1622 1120 1719 temporibus,
1146 1645 1258 1718 quum
1287 1621 1340 1695 eis
1372 1619 1516 1715 negotia

398 1738 572 1812 facessere
587 1740 720 1811 nemini
738 1737 843 1811 liceat
856 1745 890 1812 et
905 1739 971 1833 ipsi
990 1738 1062 1811 sint
1082 1740 1172 1812 sacri
1192 1737 1235 1811 ad
1257 1737 1407 1810 deorum
1426 1735 1516 1832 legi·

397 1856 505 1928 timos
516 1854 682 1929 honores.
698 1857 840 1928 Nemini
858 1879 940 1928 vero
958 1855 1063 1929 liceat
1074 1854 1216 1929 trahere
1230 1854 1403 1929 artificem
1417 1851 1515 1927 bello

397 1978 459 2043 aut
483 1994 570 2067 pace
591 1994 708 2068 neque
733 1972 809 2068 ejus
833 1996 889 2045 res
912 1995 1056 2068 rapere,
1082 1973 1150 2044 nisi
1177 1973 1256 2067 quis
1279 1970 1325 2044 ob
1352 1969 1516 2044 debitum

397 2088 528 2161 civitati
543 2087 718 2162 obnoxius
740 2089 785 2160 sil
800 2095 860 2161 aul
874 2090 1038 2185 privatim
1060 2089 1185 2184 privati
1206 2087 1344 2162 debitor
1359 2089 1404 2160 sit
1422 2086 1513 2160 arti-

396 2203 465 2277 fex.
484 2205 519 2277 Si
539 2205 618 2300 quis
632 2227 713 2278 vero
728 2204 785 2276 his
807 2205 982 2279 contraria
998 2204 1135 2292 fecerit,
1156 2205 1245 2278 ratio
1266 2202 1449 2278 reddenda
1468 2203 1516 2276 sit

397 2318 491 2414 apud
502 2320 771 2414 Amphictioues
784 2327 820 2393 et
832 2321 898 2416 ipsi
913 2327 947 2394 et
957 2320 1089 2393 civitati
1103 2321 1141 2392 in
1156 2343 1226 2416 qua
1240 2320 1371 2416 injuria
1383 2320 1514 2393 artifici

396 2435 501 2508 fuerit
521 2434 629 2508 illata.
660 2434 819 2532 Supersit
843 2440 961 2508 autem
987 2443 1020 2508 et
1045 2436 1253 2509 immunitas
1279 2441 1314 2510 et
1342 2435 1513 2508 securitas

397 2550 478 2623 data
495 2549 539 2622 ab
554 2550 866 2647 Amphictionibus
880 2551 1076 2624 artificibus
1095 2553 1158 2649 qui
1182 2559 1263 2625 sunt
1280 2552 1445 2642 Athenis,
1472 2553 1512 2625 in

397 2689 504 2739 omne
519 2673 672 2763 tempus,
698 2691 811 2764 quum
831 2669 901 2740 sint
925 2670 1014 2741 sacri
1033 2676 1067 2742 et
1089 2667 1260 2742 inviolati.
1292 2668 1424 2742 Scribis
1451 2692 1515 2741 cu-

399 2782 551 2856 randum
566 2784 611 2856 sit
632 2791 670 2856 ut
688 2783 756 2857 hoc
776 2785 959 2857 decretum
974 2783 1105 2856 tabulae
1129 2807 1336 2859 marmoreae
1351 2784 1513 2858 incidant

395 2907 430 2972 et
444 2900 481 2971 in
500 2899 634 2995 templo
654 2907 868 2996 proponant,
890 2901 1032 2974 mittant
1046 2923 1190 2996 quoque
1209 2900 1254 2974 ad
1277 2901 1512 2974 Athenienses

395 3016 503 3112 hujus
527 3017 660 3088 decreti
691 3016 894 3111 exemplum
924 3016 1164 3112 obsignatum,
1195 3024 1233 3088 ut
1265 3017 1377 3088 sciant
1399 3015 1513 3089 Athe·
1567 3028 1571 3036 '

396 3131 538 3203 nienses
553 3130 862 3226 Amphictionibus
875 3133 1027 3206 maxime
1043 3132 1141 3206 cordi
1157 3155 1233 3205 esse
1245 3155 1327 3228 erga
1339 3131 1424 3207 deos
1441 3133 1513 3226 pie-

397 3251 505 3318 tatem
532 3253 568 3318 et
599 3246 826 3343 comprobari
857 3248 1075 3343 rogationem
1114 3248 1311 3336 artificum,
1346 3250 1513 3346 ipsosque

398 3362 539 3435 studere
555 3368 595 3434 ut
613 3364 651 3434 in
667 3362 827 3435 luturum
843 3363 970 3436 ethaeo
988 3371 1126 3437 servent
1142 3365 1178 3436 in
1200 3388 1308 3438 omne
1322 3370 1463 3461 tempus
1477 3372 1513 3436 el

398 3475 572 3572 quidquid
599 3477 698 3550 aliud
715 3477 803 3551 boni
832 3477 988 3551 habeant
1006 3478 1271 3553 decernendum
1291 3477 1335 3552 de
1363 3477 1513 3552 scenicis

399 3593 606 3667 artificibus.
627 3595 748 3690 Legati
768 3599 869 3667 eraut
883 3593 1105 3689 Astydamas,
1126 3593 1378 3691 tragoediarum
1394 3601 1510 3690 poeta,

399 3708 641 3783 Aristodemus
659 3713 701 3804 (l)
718 3710 908 3806 tragoedus.

458 3825 521 3892 «E
550 3822 695 3895 Metron.
726 3824 947 3896 Demostrato
979 3822 1169 3911 archonte,
1202 3846 1323 3896 mense
1353 3822 1512 3898 Boetho-

399 3936 529 4009 mione.
546 3936 742 4011 Consilium
765 3939 1059 4035 Amphictionum
1086 3938 1359 4014 Atheniensium
1376 3941 1512 4013 senatui

400 4058 435 4123 et
452 4051 586 4148 populo
605 4052 769 4128 salntem.
795 4057 913 4140 Quum
928 4054 974 4129 ad
994 4077 1058 4127 nos
1081 4056 1245 4128 venerint
1269 4054 1374 4152 legati
1400 4055 1513 4129 artili-

398 4266 534 4344 Repetiit
547 4285 586 4326 ex
599 4268 741 4347 exemplo
756 4286 858 4346 graeco
869 4272 900 4328 et
914 4267 1078 4328 chartaceo
1092 4273 1167 4348 typo
1178 4269 1327 4330 Wescher
1338 4268 1514 4349 (Memoires

398 4361 556 4438 presentes
579 4362 806 4422 hl'Academie
829 4363 883 4422 des
905 4363 1116 4440 inscriptions,
1141 4370 1165 4423 t.
1188 4363 1267 4438 vlll,
1292 4382 1324 4443 p.
1345 4365 1426 4446 202).
1445 4366 1512 4444 lpse

399 4453 502 4512 denuo
515 4453 644 4514 titulum
658 4455 813 4530 recensui,
831 4474 924 4534 quem
938 4456 1042 4534 aliqua
1056 4461 1195 4534 exparte
1210 4464 1338 4518 auctum
1352 4464 1383 4519 et
1394 4458 1514 4539 aliquot

397 4546 474 4606 locis
485 4548 687 4609 emendatum
699 4548 817 4628 publici
829 4549 909 4628 juris
920 4550 1022 4610 facere
1036 4549 1114 4610 mihi
1130 4549 1164 4609 in
1178 4550 1283 4610 animo
1298 4557 1356 4614 est.
