<?xml version="1.0" encoding="UTF-8"?>
<!DOCTYPE html PUBLIC "-//W3C//DTD XHTML 1.0 Transitional//EN"
    "http://www.w3.org/TR/xhtml1/DTD/xhtml1-transitional.dtd">
<html xmlns="http://www.w3.org/1999/xhtml" xml:lang="en" lang="en">
 <head>
  <title>
</title>
<meta http-equiv="Content-Type" content="text/html;charset=utf-8" />
  <meta name='ocr-system' content='tesseract 3.04.00' />
  <meta name='ocr-capabilities' content='ocr_page ocr_carea ocr_par ocr_line ocrx_word'/>
</head>
<body>
  <div class='ocr_page' id='page_1' title='image "./decollegiisscen01foucgoog_0114.png"; bbox 0 0 3736 5784; ppageno 0'>
   <div class='ocr_carea' id='block_1_1' title="bbox 327 724 1441 952">
    <p class='ocr_par' dir='ltr' id='par_1_1' title="bbox 327 724 1441 952">
     <span class='ocr_line' id='line_1_1' title="bbox 784 724 962 785; baseline -0.006 -1"><span class='ocrx_word' id='word_1_1' title='bbox 784 755 822 767; x_wconf 95' lang='lat'><em>-</em></span> <span class='ocrx_word' id='word_1_2' title='bbox 846 724 900 785; x_wconf 99' lang='grc'>101</span> <span class='ocrx_word' id='word_1_3' title='bbox 915 750 962 766; x_wconf 59' lang='grc'>’-</span> 
     </span>
     <span class='ocr_line' id='line_1_2' title="bbox 327 853 1441 952; baseline 0 -22"><span class='ocrx_word' id='word_1_4' title='bbox 327 876 450 930; x_wconf 89' lang='lat' dir='ltr'>omnes</span> <span class='ocrx_word' id='word_1_5' title='bbox 466 853 696 928; x_wconf 88' lang='lat' dir='ltr'>vehementer</span> <span class='ocrx_word' id='word_1_6' title='bbox 716 861 939 952; x_wconf 88' lang='lat' dir='ltr'>appeterent,</span> <span class='ocrx_word' id='word_1_7' title='bbox 966 853 1101 930; x_wconf 79' lang='lat' dir='ltr'><strong>facilior</strong></span> <span class='ocrx_word' id='word_1_8' title='bbox 1118 855 1262 928; x_wconf 80' lang='lat' dir='ltr'>inventa</span> <span class='ocrx_word' id='word_1_9' title='bbox 1281 861 1334 928; x_wconf 89' lang='lat' dir='ltr'>est</span> <span class='ocrx_word' id='word_1_10' title='bbox 1353 856 1441 930; x_wconf 88' lang='lat' dir='ltr'>ratio</span> 
     </span>
    </p>
   </div>
   <div class='ocr_carea' id='block_1_2' title="bbox 281 969 1521 4445">
    <p class='ocr_par' dir='ltr' id='par_1_2' title="bbox 281 969 1521 2464">
     <span class='ocr_line' id='line_1_3' title="bbox 327 969 1442 1069; baseline 0.003 -25"><span class='ocrx_word' id='word_1_11' title='bbox 327 994 398 1069; x_wconf 89' lang='lat' dir='ltr'>qua</span> <span class='ocrx_word' id='word_1_12' title='bbox 418 994 496 1045; x_wconf 88' lang='lat' dir='ltr'>eam</span> <span class='ocrx_word' id='word_1_13' title='bbox 512 970 810 1066; x_wconf 89' lang='lat' dir='ltr'>adipiscerentur;</span> <span class='ocrx_word' id='word_1_14' title='bbox 831 994 961 1069; x_wconf 87' lang='lat' dir='ltr'>nempe</span> <span class='ocrx_word' id='word_1_15' title='bbox 979 972 1007 1044; x_wconf 92' lang='lat' dir='ltr'>si</span> <span class='ocrx_word' id='word_1_16' title='bbox 1027 971 1108 1068; x_wconf 89' lang='lat' dir='ltr'>quis</span> <span class='ocrx_word' id='word_1_17' title='bbox 1122 971 1159 1044; x_wconf 93' lang='lat' dir='ltr'>in</span> <span class='ocrx_word' id='word_1_18' title='bbox 1178 971 1278 1044; x_wconf 89' lang='lat' dir='ltr'>novis</span> <span class='ocrx_word' id='word_1_19' title='bbox 1298 969 1394 1044; x_wconf 92' lang='lat' dir='ltr'>ludis</span> <span class='ocrx_word' id='word_1_20' title='bbox 1407 980 1442 1047; x_wconf 89' lang='lat' dir='ltr'>ot</span> 
     </span>
     <span class='ocr_line' id='line_1_4' title="bbox 281 1086 1441 1184; baseline 0.001 -23"><span class='ocrx_word' id='word_1_21' title='bbox 281 1133 284 1146; x_wconf 88' lang='lat'>·</span> <span class='ocrx_word' id='word_1_22' title='bbox 326 1086 528 1184; x_wconf 85' lang='lat' dir='ltr'>insignibus</span> <span class='ocrx_word' id='word_1_23' title='bbox 552 1087 709 1184; x_wconf 88' lang='lat' dir='ltr'>palmam</span> <span class='ocrx_word' id='word_1_24' title='bbox 737 1087 926 1178; x_wconf 88' lang='lat' dir='ltr'>retulisset,</span> <span class='ocrx_word' id='word_1_25' title='bbox 952 1094 992 1162; x_wconf 88' lang='lat' dir='ltr'>ut</span> <span class='ocrx_word' id='word_1_26' title='bbox 1015 1088 1064 1162; x_wconf 92' lang='lat' dir='ltr'>ait</span> <span class='ocrx_word' id='word_1_27' title='bbox 1083 1087 1144 1161; x_wconf 87' lang='lat' dir='ltr'>illo</span> <span class='ocrx_word' id='word_1_28' title='bbox 1168 1110 1311 1183; x_wconf 84' lang='lat' dir='ltr'>praeco:</span> <span class='ocrx_word' id='word_1_29' title='bbox 1330 1089 1441 1166; x_wconf 80' lang='lat' dir='ltr'>«Vici</span> 
     </span>
     <span class='ocr_line' id='line_1_5' title="bbox 328 1203 1441 1301; baseline 0.002 -24"><span class='ocrx_word' id='word_1_30' title='bbox 328 1203 536 1277; x_wconf 86' lang='lat' dir='ltr'>milliarium</span> <span class='ocrx_word' id='word_1_31' title='bbox 563 1207 695 1292; x_wconf 72' lang='lat' dir='ltr'>Romae,</span> <span class='ocrx_word' id='word_1_32' title='bbox 708 1211 854 1301; x_wconf 91' lang='lat' dir='ltr'>propter</span> <span class='ocrx_word' id='word_1_33' title='bbox 870 1203 966 1300; x_wconf 91' lang='lat' dir='ltr'>quod</span> <span class='ocrx_word' id='word_1_34' title='bbox 986 1225 1093 1278; x_wconf 91' lang='lat' dir='ltr'>aureo</span> <span class='ocrx_word' id='word_1_35' title='bbox 1114 1204 1262 1299; x_wconf 86' lang='lat' dir='ltr'>praemio</span> <span class='ocrx_word' id='word_1_36' title='bbox 1285 1204 1441 1280; x_wconf 89' lang='lat' dir='ltr'>honora·</span> 
     </span>
     <span class='ocr_line' id='line_1_6' title="bbox 325 1318 1433 1416; baseline 0.002 -24"><span class='ocrx_word' id='word_1_37' title='bbox 325 1324 381 1392; x_wconf 92' lang='lat' dir='ltr'>tus</span> <span class='ocrx_word' id='word_1_38' title='bbox 405 1318 476 1409; x_wconf 87' lang='lat' dir='ltr'>lui,</span> <span class='ocrx_word' id='word_1_39' title='bbox 499 1319 595 1392; x_wconf 91' lang='lat' dir='ltr'>solus</span> <span class='ocrx_word' id='word_1_40' title='bbox 615 1327 650 1394; x_wconf 91' lang='lat' dir='ltr'>et</span> <span class='ocrx_word' id='word_1_41' title='bbox 668 1319 806 1415; x_wconf 92' lang='lat' dir='ltr'>primus</span> <span class='ocrx_word' id='word_1_42' title='bbox 828 1342 1036 1416; x_wconf 83' lang='lat' dir='ltr'>praeconum</span> <span class='ocrx_word' id='word_1_43' title='bbox 1063 1319 1180 1392; x_wconf 92' lang='lat' dir='ltr'>omnis</span> <span class='ocrx_word' id='word_1_44' title='bbox 1200 1319 1395 1394; x_wconf 77' lang='lat' dir='ltr'>momoria.</span> <span class='ocrx_word' id='word_1_45' title='bbox 1418 1350 1433 1387; x_wconf 84' lang='lat' dir='ltr'>u</span> 
     </span>
     <span class='ocr_line' id='line_1_7' title="bbox 327 1433 1442 1532; baseline 0.002 -23"><span class='ocrx_word' id='word_1_46' title='bbox 327 1434 425 1510; x_wconf 87' lang='lat' dir='ltr'><strong>Idem</strong></span> <span class='ocrx_word' id='word_1_47' title='bbox 441 1435 607 1532; x_wconf 90' lang='lat' dir='ltr'>magistro</span> <span class='ocrx_word' id='word_1_48' title='bbox 624 1459 688 1509; x_wconf 92' lang='lat' dir='ltr'>suo</span> <span class='ocrx_word' id='word_1_49' title='bbox 711 1436 849 1526; x_wconf 79' lang='lat' dir='ltr'>tribuit,</span> <span class='ocrx_word' id='word_1_50' title='bbox 876 1433 970 1532; x_wconf 93' lang='lat' dir='ltr'>quod</span> <span class='ocrx_word' id='word_1_51' title='bbox 995 1435 1072 1532; x_wconf 87' lang='lat' dir='ltr'>ejus</span> <span class='ocrx_word' id='word_1_52' title='bbox 1094 1441 1225 1509; x_wconf 88' lang='lat' dir='ltr'>statuas</span> <span class='ocrx_word' id='word_1_53' title='bbox 1249 1458 1442 1512; x_wconf 90' lang='lat' dir='ltr'>consecra-</span> 
     </span>
     <span class='ocr_line' id='line_1_8' title="bbox 324 1549 1443 1652; baseline 0.004 -29"><span class='ocrx_word' id='word_1_54' title='bbox 324 1557 411 1623; x_wconf 90' lang='lat' dir='ltr'>runt</span> <span class='ocrx_word' id='word_1_55' title='bbox 426 1550 501 1625; x_wconf 89' lang='lat' dir='ltr'>Elei</span> <span class='ocrx_word' id='word_1_56' title='bbox 523 1557 558 1624; x_wconf 90' lang='lat' dir='ltr'>et</span> <span class='ocrx_word' id='word_1_57' title='bbox 577 1551 706 1649; x_wconf 84' lang='lat' dir='ltr'>Delphi</span> <span class='ocrx_word' id='word_1_58' title='bbox 733 1550 798 1652; x_wconf 90' lang='lat' dir='ltr'>(l).</span> <span class='ocrx_word' id='word_1_59' title='bbox 835 1553 934 1626; x_wconf 92' lang='lat' dir='ltr'>ldem</span> <span class='ocrx_word' id='word_1_60' title='bbox 960 1549 1099 1624; x_wconf 82' lang='lat' dir='ltr'>tibicini</span> <span class='ocrx_word' id='word_1_61' title='bbox 1128 1551 1248 1624; x_wconf 88' lang='lat' dir='ltr'>civitas</span> <span class='ocrx_word' id='word_1_62' title='bbox 1273 1552 1443 1627; x_wconf 89' lang='lat' dir='ltr'>Nicome-</span> 
     </span>
     <span class='ocr_line' id='line_1_9' title="bbox 327 1666 1521 1765; baseline 0.003 -24"><span class='ocrx_word' id='word_1_63' title='bbox 327 1667 457 1755; x_wconf 91' lang='lat' dir='ltr'>densis,</span> <span class='ocrx_word' id='word_1_64' title='bbox 477 1667 574 1765; x_wconf 92' lang='lat' dir='ltr'>quod</span> <span class='ocrx_word' id='word_1_65' title='bbox 594 1666 638 1741; x_wconf 94' lang='lat' dir='ltr'>ab</span> <span class='ocrx_word' id='word_1_66' title='bbox 661 1669 764 1740; x_wconf 91' lang='lat' dir='ltr'>annis</span> <span class='ocrx_word' id='word_1_67' title='bbox 786 1667 941 1743; x_wconf 89' lang='lat' dir='ltr'>sedecim</span> <span class='ocrx_word' id='word_1_68' title='bbox 961 1691 1043 1742; x_wconf 89' lang='lat' dir='ltr'>cum</span> <span class='ocrx_word' id='word_1_69' title='bbox 1065 1667 1148 1741; x_wconf 89' lang='lat' dir='ltr'>viris</span> <span class='ocrx_word' id='word_1_70' title='bbox 1167 1669 1328 1758; x_wconf 82' lang='lat' dir='ltr'>certavit3</span> <span class='ocrx_word' id='word_1_71' title='bbox 1347 1670 1442 1744; x_wconf 92' lang='lat' dir='ltr'>idem</span> <span class='ocrx_word' id='word_1_72' title='bbox 1519 1724 1521 1728; x_wconf 89' lang='lat'><em>-</em></span> 
     </span>
     <span class='ocr_line' id='line_1_10' title="bbox 326 1783 1442 1882; baseline 0.003 -24"><span class='ocrx_word' id='word_1_73' title='bbox 326 1783 485 1880; x_wconf 79' lang='lat' dir='ltr'>Gortynii</span> <span class='ocrx_word' id='word_1_74' title='bbox 514 1783 580 1859; x_wconf 89' lang='lat' dir='ltr'>civi</span> <span class='ocrx_word' id='word_1_75' title='bbox 610 1807 689 1873; x_wconf 88' lang='lat' dir='ltr'>suo,</span> <span class='ocrx_word' id='word_1_76' title='bbox 707 1787 804 1882; x_wconf 90' lang='lat' dir='ltr'>quod</span> <span class='ocrx_word' id='word_1_77' title='bbox 832 1786 869 1859; x_wconf 92' lang='lat' dir='ltr'>in</span> <span class='ocrx_word' id='word_1_78' title='bbox 893 1783 1020 1858; x_wconf 88' lang='lat' dir='ltr'>eodem</span> <span class='ocrx_word' id='word_1_79' title='bbox 1045 1783 1292 1882; x_wconf 89' lang='lat' dir='ltr'>quinquennio</span> <span class='ocrx_word' id='word_1_80' title='bbox 1321 1785 1442 1882; x_wconf 84' lang='lat' dir='ltr'>plnres</span> 
     </span>
     <span class='ocr_line' id='line_1_11' title="bbox 325 1897 1442 2000; baseline 0.004 -26"><span class='ocrx_word' id='word_1_81' title='bbox 325 1899 459 1998; x_wconf 87' lang='lat' dir='ltr'>palmas</span> <span class='ocrx_word' id='word_1_82' title='bbox 477 1897 597 1974; x_wconf 92' lang='lat' dir='ltr'>retulit</span> <span class='ocrx_word' id='word_1_83' title='bbox 607 1898 678 1999; x_wconf 76' lang='lat'>(2);</span> <span class='ocrx_word' id='word_1_84' title='bbox 701 1898 798 1973; x_wconf 88' lang='lat' dir='ltr'>idem</span> <span class='ocrx_word' id='word_1_85' title='bbox 809 1901 852 1974; x_wconf 91' lang='lat' dir='ltr'>de</span> <span class='ocrx_word' id='word_1_86' title='bbox 868 1924 905 1974; x_wconf 94' lang='lat' dir='ltr'>se</span> <span class='ocrx_word' id='word_1_87' title='bbox 919 1899 1088 1998; x_wconf 83' lang='lat' dir='ltr'>praedicat</span> <span class='ocrx_word' id='word_1_88' title='bbox 1103 1900 1332 1990; x_wconf 86' lang='lat' dir='ltr'>citharoedus,</span> <span class='ocrx_word' id='word_1_89' title='bbox 1346 1902 1442 2000; x_wconf 90' lang='lat' dir='ltr'>quod</span> 
     </span>
     <span class='ocr_line' id='line_1_12' title="bbox 325 2016 1440 2117; baseline 0.005 -27"><span class='ocrx_word' id='word_1_90' title='bbox 325 2018 495 2090; x_wconf 88' lang='lat' dir='ltr'>continuo</span> <span class='ocrx_word' id='word_1_91' title='bbox 506 2018 863 2113; x_wconf 83' lang='lat' dir='ltr'>quatuordeciesvicit</span> <span class='ocrx_word' id='word_1_92' title='bbox 874 2016 1060 2116; x_wconf 80' lang='lat' dir='ltr'>(3).Quam</span> <span class='ocrx_word' id='word_1_93' title='bbox 1069 2017 1213 2092; x_wconf 91' lang='lat' dir='ltr'>laudem</span> <span class='ocrx_word' id='word_1_94' title='bbox 1225 2019 1440 2117; x_wconf 89' lang='lat' dir='ltr'>singularem</span> 
     </span>
     <span class='ocr_line' id='line_1_13' title="bbox 326 2132 1442 2225; baseline 0.005 -18"><span class='ocrx_word' id='word_1_95' title='bbox 326 2139 363 2207; x_wconf 93' lang='lat' dir='ltr'>ut</span> <span class='ocrx_word' id='word_1_96' title='bbox 382 2132 493 2206; x_wconf 91' lang='lat' dir='ltr'>titulis</span> <span class='ocrx_word' id='word_1_97' title='bbox 514 2135 586 2206; x_wconf 92' lang='lat' dir='ltr'>suis</span> <span class='ocrx_word' id='word_1_98' title='bbox 606 2133 858 2225; x_wconf 87' lang='lat' dir='ltr'>adscriberent,</span> <span class='ocrx_word' id='word_1_99' title='bbox 877 2133 931 2208; x_wconf 85' lang='lat' dir='ltr'>vel</span> <span class='ocrx_word' id='word_1_100' title='bbox 957 2135 1105 2209; x_wconf 85' lang='lat' dir='ltr'>minima</span> <span class='ocrx_word' id='word_1_101' title='bbox 1124 2157 1229 2210; x_wconf 85' lang='lat' dir='ltr'>causa</span> <span class='ocrx_word' id='word_1_102' title='bbox 1244 2134 1373 2212; x_wconf 86' lang='lat' dir='ltr'>idonea</span> <span class='ocrx_word' id='word_1_103' title='bbox 1391 2138 1442 2213; x_wconf 83' lang='lat' dir='ltr'>vi-</span> 
     </span>
     <span class='ocr_line' id='line_1_14' title="bbox 323 2247 1443 2348; baseline 0.002 -24"><span class='ocrx_word' id='word_1_104' title='bbox 323 2247 473 2324; x_wconf 83' lang='lat' dir='ltr'>debatur</span> <span class='ocrx_word' id='word_1_105' title='bbox 491 2274 499 2324; x_wconf 92' lang='lat'>:</span> <span class='ocrx_word' id='word_1_106' title='bbox 516 2249 652 2324; x_wconf 91' lang='lat' dir='ltr'>scilicet</span> <span class='ocrx_word' id='word_1_107' title='bbox 672 2251 813 2324; x_wconf 88' lang='lat' dir='ltr'>victoris</span> <span class='ocrx_word' id='word_1_108' title='bbox 832 2256 938 2339; x_wconf 83' lang='lat' dir='ltr'>aetas,</span> <span class='ocrx_word' id='word_1_109' title='bbox 962 2273 1075 2348; x_wconf 88' lang='lat' dir='ltr'>genus</span> <span class='ocrx_word' id='word_1_110' title='bbox 1097 2251 1198 2339; x_wconf 87' lang='lat' dir='ltr'>artis,</span> <span class='ocrx_word' id='word_1_111' title='bbox 1224 2275 1313 2326; x_wconf 89' lang='lat' dir='ltr'>nova</span> <span class='ocrx_word' id='word_1_112' title='bbox 1336 2254 1443 2328; x_wconf 89' lang='lat' dir='ltr'>series</span> 
     </span>
     <span class='ocr_line' id='line_1_15' title="bbox 326 2366 1402 2464; baseline 0 -22"><span class='ocrx_word' id='word_1_113' title='bbox 326 2367 576 2458; x_wconf 82' lang='lat' dir='ltr'>certaminum,</span> <span class='ocrx_word' id='word_1_114' title='bbox 598 2366 766 2441; x_wconf 90' lang='lat' dir='ltr'>ludorum</span> <span class='ocrx_word' id='word_1_115' title='bbox 782 2368 916 2441; x_wconf 88' lang='lat' dir='ltr'>novitas</span> <span class='ocrx_word' id='word_1_116' title='bbox 932 2373 993 2441; x_wconf 92' lang='lat' dir='ltr'>aut</span> <span class='ocrx_word' id='word_1_117' title='bbox 1008 2374 1193 2464; x_wconf 88' lang='lat' dir='ltr'>partorum</span> <span class='ocrx_word' id='word_1_118' title='bbox 1208 2367 1402 2442; x_wconf 88' lang='lat' dir='ltr'>bonorum.</span> 
     </span>
    </p>

    <p class='ocr_par' dir='ltr' id='par_1_3' title="bbox 317 2484 1461 4327">
     <span class='ocr_line' id='line_1_16' title="bbox 373 2484 1440 2581; baseline 0.005 -25"><span class='ocrx_word' id='word_1_119' title='bbox 373 2486 421 2556; x_wconf 88' lang='lat' dir='ltr'>Ea</span> <span class='ocrx_word' id='word_1_120' title='bbox 450 2484 706 2581; x_wconf 83' lang='lat' dir='ltr'>cognominum</span> <span class='ocrx_word' id='word_1_121' title='bbox 727 2484 921 2580; x_wconf 89' lang='lat' dir='ltr'>insignium</span> <span class='ocrx_word' id='word_1_122' title='bbox 951 2484 1092 2558; x_wconf 88' lang='lat' dir='ltr'>insania</span> <span class='ocrx_word' id='word_1_123' title='bbox 1122 2485 1170 2558; x_wconf 90' lang='lat' dir='ltr'>ita</span> <span class='ocrx_word' id='word_1_124' title='bbox 1198 2487 1326 2560; x_wconf 81' lang='lat' dir='ltr'>exarsit</span> <span class='ocrx_word' id='word_1_125' title='bbox 1347 2490 1440 2561; x_wconf 92' lang='lat' dir='ltr'>Nero</span> 
     </span>
     <span class='ocr_line' id='line_1_17' title="bbox 325 2599 1441 2698; baseline 0.003 -25"><span class='ocrx_word' id='word_1_126' title='bbox 325 2605 365 2673; x_wconf 91' lang='lat' dir='ltr'>ut</span> <span class='ocrx_word' id='word_1_127' title='bbox 378 2600 498 2674; x_wconf 89' lang='lat' dir='ltr'>omnia</span> <span class='ocrx_word' id='word_1_128' title='bbox 518 2600 556 2672; x_wconf 92' lang='lat' dir='ltr'>in</span> <span class='ocrx_word' id='word_1_129' title='bbox 576 2623 612 2676; x_wconf 87' lang='lat' dir='ltr'>sc</span> <span class='ocrx_word' id='word_1_130' title='bbox 630 2601 773 2698; x_wconf 82' lang='lat' dir='ltr'>congeri</span> <span class='ocrx_word' id='word_1_131' title='bbox 793 2599 899 2675; x_wconf 87' lang='lat' dir='ltr'>vellet</span> <span class='ocrx_word' id='word_1_132' title='bbox 914 2607 982 2674; x_wconf 88' lang='lat' dir='ltr'>ete</span> <span class='ocrx_word' id='word_1_133' title='bbox 1002 2601 1147 2674; x_wconf 84' lang='lat' dir='ltr'>Graeciae</span> <span class='ocrx_word' id='word_1_134' title='bbox 1160 2600 1255 2676; x_wconf 93' lang='lat' dir='ltr'>ludis</span> <span class='ocrx_word' id='word_1_135' title='bbox 1268 2603 1441 2678; x_wconf 88' lang='lat' dir='ltr'>universis</span> 
     </span>
     <span class='ocr_line' id='line_1_18' title="bbox 325 2715 1438 2814; baseline 0.003 -24"><span class='ocrx_word' id='word_1_136' title='bbox 325 2715 445 2790; x_wconf 90' lang='lat' dir='ltr'>titulos</span> <span class='ocrx_word' id='word_1_137' title='bbox 460 2717 687 2790; x_wconf 90' lang='lat' dir='ltr'>victoriarum</span> <span class='ocrx_word' id='word_1_138' title='bbox 706 2717 849 2790; x_wconf 79' lang='lat' dir='ltr'>reterre.</span> <span class='ocrx_word' id='word_1_139' title='bbox 870 2719 910 2788; x_wconf 91' lang='lat' dir='ltr'>ln</span> <span class='ocrx_word' id='word_1_140' title='bbox 933 2716 1069 2790; x_wconf 91' lang='lat' dir='ltr'>musico</span> <span class='ocrx_word' id='word_1_141' title='bbox 1089 2717 1197 2812; x_wconf 85' lang='lat' dir='ltr'>igitur</span> <span class='ocrx_word' id='word_1_142' title='bbox 1215 2718 1438 2814; x_wconf 86' lang='lat' dir='ltr'>imperatoris</span> 
     </span>
     <span class='ocr_line' id='line_1_19' title="bbox 324 2831 1439 2931; baseline 0.004 -27"><span class='ocrx_word' id='word_1_143' title='bbox 324 2833 504 2928; x_wconf 91' lang='lat' dir='ltr'>triumpho</span> <span class='ocrx_word' id='word_1_144' title='bbox 519 2831 801 2928; x_wconf 83' lang='lat' dir='ltr'>praelerehantur</span> <span class='ocrx_word' id='word_1_145' title='bbox 815 2831 956 2905; x_wconf 75' lang='lat' dir='ltr'>tabellae</span> <span class='ocrx_word' id='word_1_146' title='bbox 970 2832 1079 2906; x_wconf 90' lang='lat' dir='ltr'>hastis</span> <span class='ocrx_word' id='word_1_147' title='bbox 1091 2832 1222 2922; x_wconf 79' lang='lat' dir='ltr'>infirm,</span> <span class='ocrx_word' id='word_1_148' title='bbox 1238 2834 1439 2931; x_wconf 86' lang='lat' dir='ltr'>plusquam</span> 
     </span>
     <span class='ocr_line' id='line_1_20' title="bbox 323 2947 1438 3046; baseline 0.003 -24"><span class='ocrx_word' id='word_1_149' title='bbox 323 2948 422 3022; x_wconf 90' lang='lat' dir='ltr'>mille</span> <span class='ocrx_word' id='word_1_150' title='bbox 448 2954 484 3024; x_wconf 88' lang='lat' dir='ltr'>et</span> <span class='ocrx_word' id='word_1_151' title='bbox 502 2950 729 3045; x_wconf 86' lang='lat' dir='ltr'>octingentae,</span> <span class='ocrx_word' id='word_1_152' title='bbox 760 2947 890 3044; x_wconf 91' lang='lat' dir='ltr'>quibus</span> <span class='ocrx_word' id='word_1_153' title='bbox 920 2948 1131 3043; x_wconf 88' lang='lat' dir='ltr'>inscriptum</span> <span class='ocrx_word' id='word_1_154' title='bbox 1161 2948 1275 3022; x_wconf 86' lang='lat' dir='ltr'>luerat</span> <span class='ocrx_word' id='word_1_155' title='bbox 1299 2972 1370 3046; x_wconf 92' lang='lat' dir='ltr'>quo</span> <span class='ocrx_word' id='word_1_156' title='bbox 1400 2953 1438 3024; x_wconf 91' lang='lat' dir='ltr'>in</span> 
     </span>
     <span class='ocr_line' id='line_1_21' title="bbox 327 3062 1440 3160; baseline 0.004 -24"><span class='ocrx_word' id='word_1_157' title='bbox 327 3066 519 3138; x_wconf 90' lang='lat' dir='ltr'>certamine</span> <span class='ocrx_word' id='word_1_158' title='bbox 538 3066 676 3140; x_wconf 89' lang='lat' dir='ltr'>vicisset</span> <span class='ocrx_word' id='word_1_159' title='bbox 693 3068 784 3139; x_wconf 85' lang='lat' dir='ltr'>Nero</span> <span class='ocrx_word' id='word_1_160' title='bbox 804 3066 922 3138; x_wconf 80' lang='lat' dir='ltr'>Caesar</span> <span class='ocrx_word' id='word_1_161' title='bbox 936 3064 1074 3160; x_wconf 91' lang='lat' dir='ltr'>primus</span> <span class='ocrx_word' id='word_1_162' title='bbox 1096 3070 1130 3138; x_wconf 88' lang='lat' dir='ltr'>et</span> <span class='ocrx_word' id='word_1_163' title='bbox 1149 3062 1245 3138; x_wconf 93' lang='lat' dir='ltr'>solus</span> <span class='ocrx_word' id='word_1_164' title='bbox 1263 3069 1440 3141; x_wconf 90' lang='lat' dir='ltr'>Romano-</span> 
     </span>
     <span class='ocr_line' id='line_1_22' title="bbox 324 3179 1461 3277; baseline 0.002 -24"><span class='ocrx_word' id='word_1_165' title='bbox 324 3203 405 3254; x_wconf 87' lang='lat' dir='ltr'>rum</span> <span class='ocrx_word' id='word_1_166' title='bbox 424 3182 539 3254; x_wconf 91' lang='lat' dir='ltr'>omnis</span> <span class='ocrx_word' id='word_1_167' title='bbox 555 3180 750 3256; x_wconf 83' lang='lat' dir='ltr'>memoriae.</span> <span class='ocrx_word' id='word_1_168' title='bbox 768 3184 881 3267; x_wconf 80' lang='lat' dir='ltr'>Quam</span> <span class='ocrx_word' id='word_1_169' title='bbox 905 3179 1053 3277; x_wconf 86' lang='lat' dir='ltr'>gloriam</span> <span class='ocrx_word' id='word_1_170' title='bbox 1074 3184 1115 3254; x_wconf 92' lang='lat' dir='ltr'>ut</span> <span class='ocrx_word' id='word_1_171' title='bbox 1136 3202 1208 3254; x_wconf 93' lang='lat' dir='ltr'>non</span> <span class='ocrx_word' id='word_1_172' title='bbox 1226 3180 1342 3254; x_wconf 88' lang='lat' dir='ltr'>verbis</span> <span class='ocrx_word' id='word_1_173' title='bbox 1361 3189 1461 3264; x_wconf 73' lang='lat' dir='ltr'>tan-,</span> 
     </span>
     <span class='ocr_line' id='line_1_23' title="bbox 321 3294 1440 3394; baseline 0.003 -24"><span class='ocrx_word' id='word_1_174' title='bbox 321 3303 398 3371; x_wconf 88' lang='lat' dir='ltr'>tum</span> <span class='ocrx_word' id='word_1_175' title='bbox 418 3298 607 3372; x_wconf 88' lang='lat' dir='ltr'>sedetiam</span> <span class='ocrx_word' id='word_1_176' title='bbox 627 3321 664 3372; x_wconf 87' lang='lat' dir='ltr'>re</span> <span class='ocrx_word' id='word_1_177' title='bbox 683 3304 864 3388; x_wconf 89' lang='lat' dir='ltr'>tueretur,</span> <span class='ocrx_word' id='word_1_178' title='bbox 893 3294 1053 3392; x_wconf 91' lang='lat' dir='ltr'>prudens</span> <span class='ocrx_word' id='word_1_179' title='bbox 1074 3296 1267 3393; x_wconf 88' lang='lat' dir='ltr'>imperator</span> <span class='ocrx_word' id='word_1_180' title='bbox 1286 3297 1440 3394; x_wconf 87' lang='lat' dir='ltr'>jusserat</span> 
     </span>
     <span class='ocr_line' id='line_1_24' title="bbox 321 3413 1438 3512; baseline -0.002 -22"><span class='ocrx_word' id='word_1_181' title='bbox 321 3437 446 3490; x_wconf 90' lang='lat' dir='ltr'>omnes</span> <span class='ocrx_word' id='word_1_182' title='bbox 461 3414 624 3489; x_wconf 91' lang='lat' dir='ltr'>omnium</span> <span class='ocrx_word' id='word_1_183' title='bbox 644 3415 706 3512; x_wconf 91' lang='lat' dir='ltr'>qui</span> <span class='ocrx_word' id='word_1_184' title='bbox 728 3415 827 3511; x_wconf 91' lang='lat' dir='ltr'>prius</span> <span class='ocrx_word' id='word_1_185' title='bbox 850 3413 1007 3487; x_wconf 85' lang='lat' dir='ltr'>vicerant</span> <span class='ocrx_word' id='word_1_186' title='bbox 1024 3418 1157 3487; x_wconf 86' lang='lat' dir='ltr'>statuas</span> <span class='ocrx_word' id='word_1_187' title='bbox 1175 3413 1277 3486; x_wconf 90' lang='lat' dir='ltr'>uncis</span> <span class='ocrx_word' id='word_1_188' title='bbox 1297 3416 1438 3491; x_wconf 90' lang='lat' dir='ltr'>detrudi</span> 
     </span>
     <span class='ocr_line' id='line_1_25' title="bbox 321 3529 1438 3630; baseline 0 -24"><span class='ocrx_word' id='word_1_189' title='bbox 321 3534 417 3607; x_wconf 91' lang='lat' dir='ltr'>etin</span> <span class='ocrx_word' id='word_1_190' title='bbox 443 3532 591 3606; x_wconf 87' lang='lat' dir='ltr'>latrinas</span> <span class='ocrx_word' id='word_1_191' title='bbox 617 3532 732 3630; x_wconf 84' lang='lat' dir='ltr'>dejici.</span> <span class='ocrx_word' id='word_1_192' title='bbox 760 3529 813 3604; x_wconf 79' lang='lat' dir='ltr'>Ad</span> <span class='ocrx_word' id='word_1_193' title='bbox 842 3530 1057 3626; x_wconf 88' lang='lat' dir='ltr'>Capitolium</span> <span class='ocrx_word' id='word_1_194' title='bbox 1086 3539 1204 3605; x_wconf 87' lang='lat' dir='ltr'>autem</span> <span class='ocrx_word' id='word_1_195' title='bbox 1231 3533 1438 3606; x_wconf 89' lang='lat' dir='ltr'>ascendenti</span> 
     </span>
     <span class='ocr_line' id='line_1_26' title="bbox 317 3647 1437 3747; baseline -0.003 -22"><span class='ocrx_word' id='word_1_196' title='bbox 317 3649 588 3747; x_wconf 90' lang='lat' dir='ltr'>jucundissimae</span> <span class='ocrx_word' id='word_1_197' title='bbox 616 3647 897 3723; x_wconf 84' lang='lat' dir='ltr'>exaudiebantur</span> <span class='ocrx_word' id='word_1_198' title='bbox 927 3654 1145 3723; x_wconf 86' lang='lat' dir='ltr'>senatorum.</span> <span class='ocrx_word' id='word_1_199' title='bbox 1164 3671 1267 3723; x_wconf 87' lang='lat' dir='ltr'>voces</span> <span class='ocrx_word' id='word_1_200' title='bbox 1294 3647 1437 3722; x_wconf 92' lang='lat' dir='ltr'>concla-</span> 
     </span>
     <span class='ocr_line' id='line_1_27' title="bbox 321 3764 1439 3861; baseline 0 -22"><span class='ocrx_word' id='word_1_201' title='bbox 321 3766 524 3840; x_wconf 92' lang='lat' dir='ltr'>mantium:</span> <span class='ocrx_word' id='word_1_202' title='bbox 552 3794 569 3832; x_wconf 89' lang='lat'>«</span> <span class='ocrx_word' id='word_1_203' title='bbox 587 3765 685 3838; x_wconf 87' lang='lat' dir='ltr'>Vabt</span> <span class='ocrx_word' id='word_1_204' title='bbox 709 3764 970 3861; x_wconf 75' lang='lat' dir='ltr'>Olympionica,</span> <span class='ocrx_word' id='word_1_205' title='bbox 997 3764 1219 3861; x_wconf 82' lang='lat' dir='ltr'>Pythionica,</span> <span class='ocrx_word' id='word_1_206' title='bbox 1246 3764 1335 3838; x_wconf 84' lang='lat' dir='ltr'>vah!</span> <span class='ocrx_word' id='word_1_207' title='bbox 1365 3767 1439 3839; x_wconf 85' lang='lat' dir='ltr'>Au-</span> 
     </span>
     <span class='ocr_line' id='line_1_28' title="bbox 320 3879 1437 3980; baseline -0.003 -24"><span class='ocrx_word' id='word_1_208' title='bbox 320 3885 438 3980; x_wconf 85' lang='lat' dir='ltr'>gustei</span> <span class='ocrx_word' id='word_1_209' title='bbox 468 3884 581 3968; x_wconf 85' lang='lat' dir='ltr'>Quam</span> <span class='ocrx_word' id='word_1_210' title='bbox 603 3879 700 3961; x_wconf 93' lang='lat' dir='ltr'>solus</span> <span class='ocrx_word' id='word_1_211' title='bbox 728 3904 764 3955; x_wconf 92' lang='lat' dir='ltr'>es</span> <span class='ocrx_word' id='word_1_212' title='bbox 786 3880 1031 3977; x_wconf 87' lang='lat' dir='ltr'>periodonioa,</span> <span class='ocrx_word' id='word_1_213' title='bbox 1059 3902 1167 3976; x_wconf 88' lang='lat' dir='ltr'>quam</span> <span class='ocrx_word' id='word_1_214' title='bbox 1197 3879 1294 3954; x_wconf 94' lang='lat' dir='ltr'>solus</span> <span class='ocrx_word' id='word_1_215' title='bbox 1320 3881 1437 3954; x_wconf 91' lang='lat' dir='ltr'>omnis</span> 
     </span>
     <span class='ocr_line' id='line_1_29' title="bbox 320 3994 1438 4094; baseline -0.002 -22"><span class='ocrx_word' id='word_1_216' title='bbox 320 3998 515 4087; x_wconf 88' lang='lat' dir='ltr'>memoriae,</span> <span class='ocrx_word' id='word_1_217' title='bbox 532 3999 688 4093; x_wconf 85' lang='lat' dir='ltr'>Auguste</span> <span class='ocrx_word' id='word_1_218' title='bbox 710 3994 774 4094; x_wconf 76' lang='lat' dir='ltr'>(lli</span> <span class='ocrx_word' id='word_1_219' title='bbox 800 4027 816 4062; x_wconf 72' lang='lat' dir='ltr'>a</span> <span class='ocrx_word' id='word_1_220' title='bbox 836 3998 923 4083; x_wconf 84' lang='lat' dir='ltr'>Quae</span> <span class='ocrx_word' id='word_1_221' title='bbox 944 3994 1065 4069; x_wconf 91' lang='lat' dir='ltr'>omnia</span> <span class='ocrx_word' id='word_1_222' title='bbox 1079 3996 1155 4091; x_wconf 86' lang='lat' dir='ltr'>jam</span> <span class='ocrx_word' id='word_1_223' title='bbox 1170 4018 1190 4069; x_wconf 93' lang='lat' dir='ltr'>a</span> <span class='ocrx_word' id='word_1_224' title='bbox 1205 3997 1355 4072; x_wconf 90' lang='lat' dir='ltr'>scenicis</span> <span class='ocrx_word' id='word_1_225' title='bbox 1378 4020 1438 4070; x_wconf 82' lang='lat' dir='ltr'>ex-</span> 
     </span>
     <span class='ocr_line' id='line_1_30' title="bbox 320 4110 1438 4212; baseline 0.001 -26"><span class='ocrx_word' id='word_1_226' title='bbox 320 4115 473 4212; x_wconf 86' lang='lat' dir='ltr'>cogitata</span> <span class='ocrx_word' id='word_1_227' title='bbox 495 4110 563 4186; x_wconf 91' lang='lat' dir='ltr'>sibi</span> <span class='ocrx_word' id='word_1_228' title='bbox 587 4111 779 4186; x_wconf 82' lang='lat' dir='ltr'>vindicavit</span> <span class='ocrx_word' id='word_1_229' title='bbox 796 4115 902 4200; x_wconf 87' lang='lat' dir='ltr'>Nero,</span> <span class='ocrx_word' id='word_1_230' title='bbox 926 4112 964 4185; x_wconf 92' lang='lat' dir='ltr'>in</span> <span class='ocrx_word' id='word_1_231' title='bbox 985 4112 1201 4185; x_wconf 88' lang='lat' dir='ltr'>immensum</span> <span class='ocrx_word' id='word_1_232' title='bbox 1224 4134 1379 4210; x_wconf 78' lang='lat' dir='ltr'>augens3</span> <span class='ocrx_word' id='word_1_233' title='bbox 1403 4120 1438 4187; x_wconf 88' lang='lat' dir='ltr'>et</span> 
     </span>
     <span class='ocr_line' id='line_1_31' title="bbox 321 4227 1262 4327; baseline -0.002 -23"><span class='ocrx_word' id='word_1_234' title='bbox 321 4228 447 4304; x_wconf 90' lang='lat' dir='ltr'>eadem</span> <span class='ocrx_word' id='word_1_235' title='bbox 463 4236 585 4327; x_wconf 83' lang='lat' dir='ltr'>postea</span> <span class='ocrx_word' id='word_1_236' title='bbox 598 4235 766 4326; x_wconf 88' lang='lat' dir='ltr'>appetere</span> <span class='ocrx_word' id='word_1_237' title='bbox 785 4252 858 4302; x_wconf 89' lang='lat' dir='ltr'>non</span> <span class='ocrx_word' id='word_1_238' title='bbox 873 4228 1084 4303; x_wconf 87' lang='lat' dir='ltr'>destiterunt</span> <span class='ocrx_word' id='word_1_239' title='bbox 1096 4227 1262 4304; x_wconf 90' lang='lat' dir='ltr'>artifices.</span> 
     </span>
    </p>

    <p class='ocr_par' dir='ltr' id='par_1_4' title="bbox 368 4345 1434 4445">
     <span class='ocr_line' id='line_1_32' title="bbox 368 4345 1434 4445; baseline 0 -24"><span class='ocrx_word' id='word_1_240' title='bbox 368 4351 487 4434; x_wconf 80' lang='lat' dir='ltr'>Quum</span> <span class='ocrx_word' id='word_1_241' title='bbox 518 4369 601 4420; x_wconf 86' lang='lat' dir='ltr'>vero</span> <span class='ocrx_word' id='word_1_242' title='bbox 633 4345 782 4442; x_wconf 86' lang='lat' dir='ltr'>singulis</span> <span class='ocrx_word' id='word_1_243' title='bbox 814 4346 968 4419; x_wconf 85' lang='lat' dir='ltr'>victoriis</span> <span class='ocrx_word' id='word_1_244' title='bbox 1003 4345 1326 4420; x_wconf 91' lang='lat' dir='ltr'>commemorandis</span> <span class='ocrx_word' id='word_1_245' title='bbox 1361 4348 1434 4445; x_wconf 90' lang='lat' dir='ltr'>jam</span> 
     </span>
    </p>
   </div>
   <div class='ocr_carea' id='block_1_3' title="bbox 358 4534 1329 4805">
    <p class='ocr_par' dir='ltr' id='par_1_5' title="bbox 358 4534 1329 4805">
     <span class='ocr_line' id='line_1_33' title="bbox 359 4534 788 4615; baseline 0 -19"><span class='ocrx_word' id='word_1_246' title='bbox 359 4535 398 4615; x_wconf 90' lang='grc'>(1)</span> <span class='ocrx_word' id='word_1_247' title='bbox 419 4534 578 4609; x_wconf 89' lang='lat' dir='ltr'>Philistor,</span> <span class='ocrx_word' id='word_1_248' title='bbox 592 4540 617 4596; x_wconf 86' lang='lat' dir='ltr'>t.</span> <span class='ocrx_word' id='word_1_249' title='bbox 634 4536 658 4613; x_wconf 92' lang='lat'>1,</span> <span class='ocrx_word' id='word_1_250' title='bbox 674 4553 704 4615; x_wconf 89' lang='lat' dir='ltr'>p.</span> <span class='ocrx_word' id='word_1_251' title='bbox 719 4539 788 4596; x_wconf 74' lang='lat'>329.</span> 
     </span>
     <span class='ocr_line' id='line_1_34' title="bbox 358 4627 1314 4711; baseline -0.003 -19"><span class='ocrx_word' id='word_1_252' title='bbox 358 4629 401 4711; x_wconf 74' lang='grc'>(1)</span> <span class='ocrx_word' id='word_1_253' title='bbox 423 4630 536 4710; x_wconf 84' lang='lat' dir='ltr'>Corpus</span> <span class='ocrx_word' id='word_1_254' title='bbox 551 4629 639 4692; x_wconf 67' lang='lat' dir='ltr'>inam.</span> <span class='ocrx_word' id='word_1_255' title='bbox 656 4649 719 4709; x_wconf 71' lang='lat' dir='ltr'>pn,</span> <span class='ocrx_word' id='word_1_256' title='bbox 735 4630 813 4692; x_wconf 74' lang='lat' dir='ltr'>luco</span> <span class='ocrx_word' id='word_1_257' title='bbox 830 4635 862 4690; x_wconf 88' lang='lat' dir='ltr'>et</span> <span class='ocrx_word' id='word_1_258' title='bbox 876 4631 964 4691; x_wconf 77' lang='grc'>1119.</span> <span class='ocrx_word' id='word_1_259' title='bbox 975 4627 1065 4708; x_wconf 90' lang='grc'>-(3)</span> <span class='ocrx_word' id='word_1_260' title='bbox 1081 4628 1210 4702; x_wconf 88' lang='lat' dir='ltr'>Ibidem,</span> <span class='ocrx_word' id='word_1_261' title='bbox 1225 4630 1314 4691; x_wconf 76' lang='lat'>3208.</span> 
     </span>
     <span class='ocr_line' id='line_1_35' title="bbox 364 4720 1329 4805; baseline -0.001 -22"><span class='ocrx_word' id='word_1_262' title='bbox 364 4723 405 4805; x_wconf 79' lang='grc'>(1)</span> <span class='ocrx_word' id='word_1_263' title='bbox 426 4721 484 4784; x_wconf 89' lang='lat' dir='ltr'>Dio</span> <span class='ocrx_word' id='word_1_264' title='bbox 499 4723 633 4799; x_wconf 84' lang='lat' dir='ltr'>Cassius,</span> <span class='ocrx_word' id='word_1_265' title='bbox 647 4724 750 4798; x_wconf 91' lang='lat' dir='ltr'>LXllI,</span> <span class='ocrx_word' id='word_1_266' title='bbox 765 4725 796 4798; x_wconf 89' lang='lat'>8,</span> <span class='ocrx_word' id='word_1_267' title='bbox 814 4724 852 4784; x_wconf 89' lang='grc'>10</span> <span class='ocrx_word' id='word_1_268' title='bbox 864 4729 896 4784; x_wconf 89' lang='lat' dir='ltr'>et</span> <span class='ocrx_word' id='word_1_269' title='bbox 909 4723 957 4783; x_wconf 73' lang='lat'>20·</span> <span class='ocrx_word' id='word_1_270' title='bbox 969 4755 1007 4768; x_wconf 57' lang='grc' dir='ltr'>-κ</span> <span class='ocrx_word' id='word_1_271' title='bbox 1018 4723 1158 4798; x_wconf 67' lang='lat' dir='ltr'>Sueton„</span> <span class='ocrx_word' id='word_1_272' title='bbox 1174 4720 1264 4798; x_wconf 82' lang='lat' dir='ltr'>Nero,</span> <span class='ocrx_word' id='word_1_273' title='bbox 1279 4725 1329 4782; x_wconf 74' lang='lat' dir='ltr'>ul.</span> 
     </span>
    </p>
   </div>
   <div class='ocr_carea' id='block_1_4' title="bbox 0 0 1872 5784">
    <p class='ocr_par' dir='ltr' id='par_1_6' title="bbox 0 0 1872 5784">
     <span class='ocr_line' id='line_1_36' title="bbox 0 0 1872 5784; baseline 0 0"><span class='ocrx_word' id='word_1_274' title='bbox 0 0 1872 5784; x_wconf 95' lang='lat' dir='ltr'> </span> 
     </span>
    </p>
   </div>
  </div>
 </body>
</html>
