3736 5784
970 635 1109 694 ..2-

483 775 565 844 sunt
584 769 830 856 Athenienses,
856 767 931 864 qui,
953 765 991 840 in
1017 763 1274 841 constituendis
1303 764 1345 837 iis
1373 788 1597 867 quacunque

482 884 525 960 ad
553 887 719 982 Dionysia
743 882 962 985 spectabant,
986 883 1117 959 omisso
1146 884 1226 980 jure
1247 883 1429 957 communi
1456 891 1517 960 aut
1536 884 1599 960 de-

481 1004 620 1100 scriptis
638 1003 736 1077 novis
750 1000 902 1100 legibus,
919 999 1061 1074 civilem
1076 999 1264 1090 rationem,
1283 998 1339 1074 dei
1353 1001 1476 1098 gratia,
1494 1025 1598 1099 pror-

481 1143 541 1194 sus
559 1119 793 1194 inverterunt.

526 1239 645 1322 Quum
666 1232 795 1307 Bacchi
820 1230 917 1305 festis
937 1232 1119 1306 universos
1144 1231 1237 1306 cives
1261 1229 1382 1306 adesse
1400 1235 1593 1329 oporteret,

478 1349 554 1448 lege
569 1347 764 1448 jubebatur
782 1344 906 1420 litibus
929 1346 1166 1443 supersederi,
1188 1347 1293 1421 vetito
1312 1370 1357 1421 ne
1377 1347 1470 1444 quis,
1490 1350 1596 1422 etiam

475 1466 612 1564 judicio
631 1463 753 1553 victor,
776 1461 926 1536 dilatum
948 1486 996 1536 urs
1018 1463 1176 1539 alienum
1192 1463 1362 1560 exigeret,
1382 1463 1435 1538 vel
1456 1463 1591 1562 aliquid
1662 1495 1668 1506 ·

478 1582 576 1657 aliud
595 1580 832 1679 prehenderet
850 1584 911 1656 aut
928 1580 961 1652 vi
978 1581 1143 1655 auferret.

532 1729 548 1768 «
568 1698 688 1788 Quum
707 1697 837 1772 Bacchi
856 1720 988 1794 pompa
1002 1697 1038 1770 in
1060 1698 1172 1771 Piraeo
1187 1704 1239 1772 est
1255 1701 1290 1773 et
1308 1697 1463 1774 comoedi
1480 1705 1514 1775 et
1528 1708 1597 1775 tra-

477 1815 569 1913 goedi
591 1821 627 1887 et
641 1836 754 1910 quum
777 1813 916 1888 Lenaeis
934 1836 1067 1911 pompa
1093 1820 1146 1887 est
1165 1821 1198 1888 et
1210 1814 1370 1913 ,tragoedi
1389 1823 1424 1890 et
1443 1818 1595 1893 comoedi

477 1939 512 2006 et
528 1954 640 2028 quum
660 1929 836 2025 Dionysiis
854 1928 1000 2005 urbanis
1020 1952 1152 2027 pompa
1169 1937 1222 2004 est
1243 1939 1278 2006 et
1298 1933 1400 2028 pueri
1421 1939 1456 2006 et
1472 1956 1596 2008 cornus

478 2054 513 2123 et
532 2045 685 2121 comoedi
706 2054 741 2120 et
756 2047 905 2144 tragoedi
920 2055 956 2122 et
973 2047 1244 2146 Thargeliorum
1258 2036 1301 2122 in
1320 2071 1450 2146 pompa
1464 2056 1499 2123 et
1513 2073 1596 2123 cer-

476 2164 623 2252 tamine,
648 2187 693 2236 ne
707 2161 812 2236 liceat
829 2162 883 2235 vel
899 2163 1117 2259 pigneraret
1134 2164 1330 2262 quidquam
1344 2164 1439 2261 quod
1454 2166 1498 2239 sit
1512 2163 1596 2240 afte-

476 2281 551 2354 rius
565 2302 704 2375 capere,
724 2301 770 2350 ne
792 2276 939 2351 illorum
959 2278 1104 2373 quidem
1123 2280 1184 2372 qui
1206 2281 1251 2352 ad
1272 2279 1367 2352 diem
1384 2304 1457 2355 non
1477 2278 1595 2354 sofve-

477 2395 561 2483 rint,
580 2393 678 2467 hisce
691 2390 830 2465 diebus.
851 2395 897 2466 At
912 2393 941 2465 si
958 2394 1038 2489 quis
1057 2393 1189 2466 horum
1209 2393 1346 2489 aliquid
1361 2395 1590 2484 commiserit,

477 2512 509 2585 ei
532 2509 593 2608 qui
616 2532 739 2605 passus
762 2516 814 2582 est
835 2509 894 2606 jus
924 2515 998 2582 esto
1025 2509 1063 2582 in
1083 2507 1189 2581 illum
1216 2508 1343 2606 agendi
1368 2517 1404 2582 et
1429 2509 1593 2584 adversus

477 2627 581 2698 illurn
594 2624 856 2698 accusationem
874 2621 1053 2721 (repedatur)
1069 2622 1220 2712 ferendi,
1239 2631 1410 2720 tanquam
1423 2624 1593 2721 injuriam

477 2743 687 2832 facientem,
718 2740 755 2814 in
798 2740 969 2814 concione
1007 2740 1046 2813 in
1088 2740 1164 2814 aede
1204 2739 1335 2814 bacchi
1369 2747 1591 2838 congregata,

477 2857 782 2957 quemadmodum
796 2853 840 2932 de
859 2856 987 2931 ceteris
1005 2856 1176 2954 injuriam
1195 2854 1407 2931 facientibus
1422 2856 1593 2954 scriptum

478 2973 612 3075 est(f).
633 3005 649 3044 »

527 3097 607 3191 Ipsa
626 3091 732 3165 etiarn
756 3088 876 3164 civitas
900 3113 960 3165 eos
985 3089 1046 3188 qui
1068 3090 1268 3164 incarcere
1295 3089 1454 3188 publico,
1477 3089 1523 3166 ob
1546 3114 1593 3164 aes

478 3211 648 3299 alienum,
676 3206 807 3281 inclusi
824 3214 936 3296 erant,
955 3205 1104 3281 vadibus
1121 3208 1338 3294 constitutis,
1364 3206 1493 3281 horum
1518 3207 1594 3294 die

478 3347 560 3401 rum
578 3325 703 3422 spatio,
723 3324 885 3398 emittere
910 3321 1048 3398 solebat
1070 3346 1116 3396 ne
1141 3324 1353 3420 cujusquam
1379 3325 1464 3398 civis
1490 3323 1589 3398 cultu

477 3443 564 3520 deus
579 3439 805 3516 fraudaretur
823 3438 836 3538 f
863 3439 893 3538 ).

527 3564 568 3634 ln
591 3557 708 3652 choris
728 3579 810 3631 vero
833 3553 1071 3646 instituendis,
1099 3555 1161 3652 qui
1187 3561 1350 3652 sumptus
1372 3555 1533 3629 tribuum
1557 3563 1591 3631 et

478 3675 732 3775 choragorumf
762 3696 845 3770 quae
865 3671 995 3762 studia,
1021 3668 1283 3768 magistratibus
1306 3670 1587 3768 inspicientibus,

515 3976 555 4060 (t)
576 3969 750 4052 Demosth,
767 3972 798 4033 ia
811 3967 944 4048 Midam,
961 3973 1010 4034 tu.
1029 3999 1065 4016 -
1080 3971 1116 4030 ln
1130 3967 1240 4030 eadem
1253 3967 1395 4030 oratione
1407 3964 1588 4047 ‘exemplum

474 4071 651 4138 invenimus
674 4068 764 4150 (ΠΒ).
785 4069 890 4141 Quum
908 4065 1052 4127 Evander
1071 4062 1200 4145 quidam
1218 4061 1401 4141 Menippum
1415 4062 1526 4123 (tarem
1541 4079 1589 4122 ae·

473 4171 559 4233 tione
570 4165 757 4230 mercatoria
767 4164 963 4235 damnatum,
980 4176 1075 4240 quem
1086 4157 1173 4238 prius
1184 4174 1340 4236 nusquam
1354 4156 1587 4235 apprehendere

474 4268 629 4346 potuerat,
645 4261 679 4322 in
695 4257 852 4338 mysteriis
865 4259 976 4316 nactus
991 4252 1183 4332 arripuisset,
1200 4250 1321 4311 delatus
1335 4249 1419 4329 apud
1434 4249 1586 4328 populum

472 4380 492 4422 a
505 4357 651 4438 Menippo
671 4358 771 4415 totam
786 4349 938 4411 mulctam
956 4344 1031 4427 (duo
1044 4343 1176 4424 talenta)
1192 4342 1352 4404 remittere
1366 4346 1492 4402 coactus
1505 4341 1585 4417 fait;

472 4453 657 4534 quinetiam
670 4443 967 4529 judiceshominem
986 4439 1088 4520 capite
1108 4438 1318 4511 damnassent,
1341 4435 1402 4498 nisi
1423 4441 1587 4499 aecusator

470 4550 736 4723 defgufddidostb,
749 4643 850 4698 contro
860 4629 999 4708 Androt,
1013 4624 1213 4692 tib-Schola
1225 4622 1399 4701 Demostb„
1408 4643 1440 4705 p.
1453 4627 1522 4700 ott,
1533 4626 1584 4685 23.
