3736 5784
782 719 944 778 Α)...

303 853 368 950 qni
383 851 559 926 Bacchum
574 862 606 923 et
617 851 711 924 Deos
724 848 951 948 benefactores
968 852 1085 923 colunt
1099 850 1164 950 (1).
1183 829 1287 940 Quod
1309 853 1422 927 sacer·

305 968 455 1058 dotium,
477 968 551 1040 viro
571 966 648 1039 aliis
664 965 893 1063 amplissimis
911 966 1122 1041 muneribus
1135 966 1258 1043 functo
1274 968 1421 1043 manda·

304 1090 393 1174 tum,
411 1083 488 1159 lieri
503 1085 617 1183 potuit
633 1090 758 1156 utnon
774 1082 969 1156 artificibus
983 1084 1045 1156 sed
1068 1082 1290 1180 alienigenis,
1307 1086 1422 1161 bono-

303 1200 351 1273 ris
365 1224 483 1289 causa,
498 1224 518 1275 a
534 1198 686 1296 collegio
701 1199 931 1273 tribueretur.

352 1318 591 1415 Magistratus,
615 1316 686 1390 alio
710 1318 806 1414 apud
827 1316 917 1390 alios
943 1316 1138 1409 vocabulo,
1167 1319 1232 1391 etsi
1267 1319 1422 1392 nominis

303 1435 415 1532 magis
432 1458 540 1532 quam
562 1434 721 1506 muneris
743 1431 923 1507 diversitas
938 1441 1002 1523 est,
1021 1433 1151 1506 melius
1166 1435 1233 1508 erit
1246 1434 1418 1531 singulos,

301 1558 407 1646 prout
421 1551 523 1647 copia
536 1549 697 1647 lapidum
713 1549 965 1647 suppeditabit,
987 1573 1182 1626 recensere.

345 1665 452 1762 Apud
469 1667 586 1754 Teios,
602 1667 756 1740 occurrit
773 1665 1019 1739 universorum
1034 1667 1304 1763 magistratuum
1320 1692 1420 1741 men-

301 1784 349 1856 tio
369 1778 435 1885 (b).
460 1781 563 1856 Solus
582 1789 701 1856 tamen
724 1782 870 1856 nomine
889 1781 1096 1878 designatur
1112 1783 1339 1878 agonotheta,
1356 1807 1419 1856 an·

301 1921 395 1970 nuus
411 1906 446 1972 et
461 1897 638 1972 artificum
651 1896 825 1994 suffragiis
835 1896 969 1970 electus
983 1895 1050 1994 (3).
1070 1897 1179 1992 Cujus
1195 1899 1419 1994 praecipuum

300 2039 444 2105 munus,
463 2020 501 2088 ut
523 2014 589 2088 lert
616 2016 691 2112 ipse
706 2013 888 2110 dignitatis
910 2013 1054 2096 titulus,
1079 2021 1152 2088 erat
1181 2017 1418 2089 certaminum

299 2153 384 2204 cura
404 2130 536 2228 quibus
553 2133 628 2227 ipse
645 2136 795 2226 praeerat
811 2127 877 2227 (1).
901 2133 967 2203 Res
986 2137 1106 2204 autem
1127 2128 1194 2203 suit
1213 2132 1332 2228 magni
1344 2155 1419 2207 mo·

301 2246 412 2320 menti
438 2269 551 2342 quum
575 2243 709 2341 duplici
726 2246 970 2343 impensarum
990 2247 1109 2341 generi
1134 2244 1418 2320 subveniendum

301 2368 404 2452 esset,
430 2385 559 2457 nempe
574 2368 614 2432 ut
635 2366 823 2456 apparatus
845 2384 971 2435 omnes
987 2358 1032 2434 ad
1054 2384 1129 2434 rem
1149 2363 1328 2436 scenicam
1355 2387 1416 2436 ne·

300 2477 454 2565 cessarii,
478 2478 637 2567 restitue,
658 2486 869 2550 ornamenta
893 2483 930 2549 et
948 2483 1064 2550 cetera
1084 2475 1249 2551 utensilia
1273 2501 1354 2574 quae
1378 2479 1416 2551 in

298 2591 401 2670 titulo
412 2594 568 2689 quodam
583 2599 813 2667 recensentur
825 2591 877 2692 (5)
890 2592 1077 2689 diligenter
1089 2601 1135 2684 et,
1147 2601 1323 2692 quantum
1337 2593 1414 2668 fieri

298 2715 427 2803 posset,
460 2707 646 2804 splendide
677 2707 939 2804 praeberentur,
965 2706 1097 2781 deinde
1128 2717 1168 2782 ut
1196 2711 1350 2806 pecunia
1370 2711 1415 2785 ad

297 2824 446 2918 praemia
473 2823 652 2898 artificum
681 2831 714 2897 et
740 2825 784 2898 ad
806 2847 904 2898 sacra
926 2847 1007 2920 quae
1036 2845 1120 2896 cum
1153 2824 1248 2899 ludis
1276 2849 1416 2923 semper

299 2939 597 3030 instaurabantur,
612 2946 741 3036 praesto
755 2946 861 3028 esset3
879 2938 916 3012 id
935 2945 988 3012 est
1005 2943 1135 3037 χορηγία
1150 2947 1185 3013 et
1203 2939 1325 3018 δαπάνη
1345 2940 1411 3040 (6).

347 3060 434 3142 Quae
458 3055 579 3129 omnia
608 3055 810 3151 sumptibus
834 3053 974 3151 collegii
997 3053 1094 3145 fieri,
1127 3055 1171 3129 ab
1203 3057 1415 3153 agonotheta

298 3181 437 3247 tantum
452 3172 690 3246 administrari
708 3169 810 3244 valde
829 3169 1015 3268 probabile
1030 3179 1099 3258 est;
1119 3171 1156 3243 in
1179 3195 1250 3268 quo
1265 3197 1311 3245 ne
1327 3170 1413 3269 quid

297 3290 409 3362 nimio
424 3289 509 3361 luxu
524 3293 586 3362 aut
599 3288 820 3384 parcimonia
838 3293 1057 3384 peccaretur,
1079 3286 1217 3382 legibus
1233 3288 1413 3384 provisum

298 3403 428 3502 quibus
446 3404 659 3501 agonotheta
677 3403 826 3499 obsequi
840 3402 1034 3500 jubebatur
1061 3401 1126 3500 (7).
1152 3406 1363 3501 Quanquam
1381 3405 1413 3477 ei

297 3520 397 3594 licuit
413 3521 505 3595 etde
521 3545 586 3595 suo
601 3519 815 3616 adderequo
834 3519 912 3592 ludi
933 3517 1155 3616 splendidius
1175 3527 1365 3616 agerentur
1379 3528 1414 3592 et

297 3639 391 3736 ipse,
412 3637 599 3713 conciliata
620 3662 684 3735 per
715 3637 999 3711 munificentiam
1017 3634 1194 3709 artificum
1210 3637 1341 3732 gratia,
1368 3634 1413 3708 ad

298 3755 383 3829 alias
400 3755 588 3852 dignitates
610 3755 703 3828 viam
726 3754 793 3828 sibi
817 3751 975 3825 muniret
993 3757 1054 3825 aut
1080 3748 1322 3824 laudationem
1345 3749 1413 3823 bo-

298 3894 474 3968 noresquc
492 3876 689 3944 mereretur
704 3867 769 3968 (8).

336 4152 378 4233 (1)
401 4151 516 4231 Carpos
527 4149 614 4210 inser.
628 4168 690 4229 qr„
701 4146 875 4226 3680-(8)
890 4145 1006 4224 Corpus
1017 4144 1104 4204 iaso.
1116 4161 1178 4222 pr,
1189 4141 1344 4220 3068B,l.
1360 4145 1409 4204 82.

335 4245 378 4326 (3)
403 4246 519 4326 Corpus
533 4244 621 4304 cosm.
637 4261 698 4322 pr,
714 4239 804 4317 3067,
820 4240 843 4300 l.
861 4241 900 4301 86
914 4238 981 4299 etl.
996 4239 1027 4300 8.
1286 4265 1289 4272 ·

336 4340 379 4421 (1)
403 4337 515 4418 Corpus
529 4337 617 4398 inser.
632 4356 694 4416 pr„
710 4337 799 4408 3067,
816 4333 838 4395 l.
852 4337 891 4406 ’1;
907 4333 986 4394 3068
998 4333 1034 4403 Β,
1049 4331 1070 4392 1.
1084 4333 1132 4393 10.

336 4434 381 4513 (5)
402 4433 519 4510 Corpus
533 4432 621 4492 inser.
637 4450 700 4510 pr„
716 4429 807 4492 3018.

336 4526 380 4608 (6)
399 4525 510 4606 Corpus
524 4525 611 4587 c'nscr.
625 4521 829 4605 9r.,3067,1.
845 4523 932 4583 9-10.

341 4620 383 4702 (1)
406 4618 520 4698 Carpos
534 4618 623 4679 inser.
640 4617 704 4698 pb..
719 4619 809 4679 3068.

338 4712 382 4796 (8)
404 4712 516 4794 Corpus
529 4712 617 4774 inser.
630 4731 691 4791 pr„
705 4711 728 4772 l.
743 4712 836 4785 a103
855 4711 934 4772 3068
947 4709 984 4784 Β,
998 4707 1021 4769 l.
1037 4710 1086 4769 la.
