3736 5784
735 661 893 722 -67-

259 791 582 888 Themistoclesque
603 791 739 888 aliquot
757 800 839 867 ante
857 773 986 882 annos,
1002 815 1114 890 quum
1129 794 1166 864 in
1181 792 1296 888 epulis
1315 813 1371 864 re-

260 915 401 982 cusaret
418 909 543 1006 lyram,
567 913 619 982 est
635 895 785 982 'habitus
808 910 984 984 indoctior
1004 907 1069 1007 (1).
1087 937 1103 978 u
1133 908 1267 982 Eadem
1286 907 1370 981 artis

261 1027 507 1116 estimatione,
523 1026 718 1102 Meneclem
732 1028 925 1124 quemdam
939 1027 1065 1101 Teium
1082 1025 1256 1124 legatione
1269 1026 1372 1098 funo-

261 1150 337 1216 tum
355 1142 588 1218 laudaverunt
607 1145 743 1218 Cnossii
760 1175 778 1212 «
793 1144 889 1242 quod
902 1145 1001 1218 haud
1015 1144 1123 1219 semel
1137 1142 1185 1216 ud
1200 1143 1371 1216 citharam

261 1282 381 1332 versus
392 1258 571 1334 Timothei
582 1267 616 1333 et
627 1258 761 1355 Polyidi
774 1284 914 1334 necnon
927 1269 1131 1335 nostrorum
1142 1260 1371 1356 antiquorum

264 1381 400 1467 ratum,
425 1374 516 1450 bene
537 1381 570 1451 et
587 1384 626 1449 ut
645 1375 792 1451 decebat
815 1379 931 1451 virum
950 1376 1150 1466 eruditum,
1172 1377 1209 1449 in
1227 1373 1371 1472 publico

265 1491 451 1566 cecinisset
477 1497 568 1580 (6)».
597 1494 693 1565 Actae
721 1492 827 1566 etiam
851 1493 944 1566 Teiis
964 1493 1086 1590 gratiae
1106 1491 1168 1589 qui
1189 1490 1297 1564 talem
1320 1489 1374 1562 ri-

265 1631 345 1680 rum
356 1608 546 1680 misissent.
560 1611 675 1693 Quem
689 1608 884 1684 Meneclem
899 1610 927 1682 si
940 1610 1024 1682 Teio
1035 1607 1185 1706 collegio
1198 1609 1374 1705 assignare

266 1747 340 1797 non
357 1723 473 1813 liceat,
492 1747 564 1798 non
579 1723 737 1798 alienum
752 1732 846 1799 certe
857 1749 878 1798 a
890 1726 1112 1800 scenicorum
1126 1724 1262 1798 artibus
1271 1729 1305 1798 et
1316 1747 1376 1798 eo-

266 1864 347 1913 rum
369 1843 582 1915 commercio
602 1841 647 1916 ad
662 1865 704 1916 ea
723 1840 839 1915 studia
855 1842 1046 1915 formatum
1068 1842 1176 1915 luisse
1195 1841 1371 1938 conjicias

315 1957 356 2029 ld
374 1957 514 2031 artificii
533 1981 645 2054 genus
659 1965 793 2054 quanto
813 1959 938 2031 ceteris
957 1958 1171 2054 praestiterit,
1196 1957 1299 2032 docet
1318 1956 1378 2030 ille

269 2072 586 2147 Ciceronis-locus:
606 2076 682 2146 «Ut
699 2075 800 2146 aiunt
817 2075 855 2146 in
875 2074 1005 2147 Graecis
1025 2072 1219 2149 artificibus
1236 2097 1296 2148 eos
1316 2097 1380 2147 au-

268 2189 381 2264 loedos
400 2213 487 2280 esse,
510 2190 572 2286 qui
588 2188 775 2263 citharoedi
794 2190 872 2263 fieri
889 2214 964 2264 non
978 2191 1160 2286 potuerint
1170 2189 1236 2289 (3)
1249 2221 1265 2258 u
1288 2193 1377 2264 Cum

271 2328 342 2403 quo
382 2307 534 2380 maxime
564 2307 726 2402 congruit
759 2305 998 2402 fragmentum
1030 2307 1136 2381 Attici
1167 2307 1281 2396 tituli,
1318 2304 1380 2380 ubi

269 2421 515 2496 inscribuntur
543 2422 689 2518 praemia
719 2423 864 2496 musicis
892 2424 1083 2520 proposita.
1115 2423 1179 2497 llle
1205 2430 1257 2496 est
1285 2423 1382 2495 enim

269 2541 503 2613 certaminum
518 2540 605 2614 ordo
624 2566 631 2613 :
653 2540 851 2631 citharoedi,
873 2541 1017 2630 auloedi,
1040 2542 1243 2630 citharistae,
1266 2540 1384 2614 tibici-

269 2680 345 2731 nes.
369 2660 539 2731 Praeterea
553 2658 926 2754 citharoedisquinque
945 2665 1029 2731 sunt
1047 2660 1194 2755 praemia
1208 2666 1243 2731 et
1258 2681 1382 2732 eorum
1501 2674 1503 2678 ·

268 2773 385 2871 primo
416 2797 547 2848 corona
572 2799 679 2848 aurea
698 2775 798 2848 mille
823 2775 1092 2866 drachmarum,
1122 2774 1249 2849 ultimo
1274 2775 1381 2849 etiarn

267 2897 456 2980 trecentae;
479 2892 628 2965 auloedis
645 2913 727 2965 vero
743 2889 814 2964 duo
834 2896 985 2978 tantum,
1007 2892 1118 2988 priori
1133 2897 1309 2966 trecente·
1321 2896 1383 2964 aut

268 3009 536 3108 quadringentae
567 3008 771 3096 drachmae;
803 3008 993 3082 citharistis
1016 3009 1101 3101 tria,
1132 3009 1249 3104 primo
1275 3009 1383 3105 quin·
1449 3080 1450 3084 ,

267 3133 382 3224 gentae
406 3125 472 3227 (1).

316 3241 458 3318 Auloedi
483 3243 528 3316 ad
559 3241 681 3316 tibiam
713 3239 902 3330 canebant.
932 3245 1007 3314 Hoc
1039 3264 1153 3338 genus
1178 3241 1217 3314 in
1250 3241 1382 3337 Pythiis

269 3359 488 3457 displicuisse
524 3365 559 3432 et
583 3357 764 3432 sublatum
794 3357 900 3432 luisse
931 3363 1054 3430 auctor
1087 3363 1143 3452 est
1172 3359 1378 3446 Pausanias,

268 3478 439 3574 quoniam
470 3476 566 3550 tibiae
588 3474 787 3548 tristissima
816 3473 989 3548 sonabant
1014 3480 1049 3547 et
1067 3474 1269 3572 adspirante
1294 3474 1382 3548 tibia

268 3594 488 3669 canebantur
512 3598 637 3678 moesta
661 3592 831 3678 carmina,
860 3591 950 3688 elegi
978 3597 1083 3688 atque
1105 3591 1224 3683 threni
1248 3589 1306 3688 (X,
1327 3589 1375 3689 7).
1410 3577 1411 3582 ’

267 3711 394 3785 Nullus
415 3712 453 3784 in
469 3709 616 3784 Soteriis
632 3706 811 3804 Delphicis
826 3705 1000 3797 auloedus,
1018 3706 1140 3780 nullus
1154 3708 1192 3779 in
1209 3707 1381 3803 Amphia-

268 3829 352 3901 raiis
370 3829 477 3924 Oropi
488 3852 498 3914 ;
521 3826 715 3900 certamina
731 3831 850 3897 tamen
871 3822 1095 3897 auloedorum
1116 3829 1252 3897 retenta
1271 3824 1381 3897 Athe-

269 3944 324 4018 nis
356 3941 428 4041 (5),
457 3940 619 4039 Thespiis
646 3938 718 4038 (6),
750 3939 967 4012 Orchomeni
997 3937 1071 4037 (7),
1106 3963 1199 4012 unus
1230 3937 1284 4013 bis
1313 3940 1380 4015 lasi

306 4195 349 4276 (1)
369 4193 536 4256 Tusculan.
550 4192 684 4270 Disput,
699 4191 721 4260 1,
736 4193 765 4250 6.
1327 4209 1330 4217 ’

307 4289 346 4370 (6)
368 4291 408 4350 Le
422 4289 481 4350 Bas
495 4293 527 4349 et
539 4285 763 4364 Waddington,
781 4279 877 4343 laser.
892 4279 1144 4360 dmin-Minoum,
1162 4285 1216 4360 813
1232 4285 1272 4347 cf.
1288 4289 1337 4350 86.

306 4383 348 4464 (3)
370 4383 430 4443 Pro
443 4383 594 4455 Muraena,
609 4383 700 4442 13.-
714 4376 754 4459 (4)
777 4376 939 4455 Rangabd,
954 4375 1056 4457 Antip.
1072 4377 1191 4454 hallia,
1208 4382 1278 4442 961.

307 4477 349 4558 (5)
371 4476 532 4554 Rangabd,
547 4473 650 4554 Autiq.
666 4472 784 4547 hellin„
800 4474 869 4532 961.
1238 4467 1243 4478 ’

319 4572 350 4652 6)
371 4570 555 4645 Decharme,
570 4566 760 4647 inscriptions
770 4564 889 4628 ineditos
903 4563 937 4625 de
951 4561 1063 4642 Be'otie,
1082 4569 1131 4643 66,
1145 4567 1168 4631 1.
1181 4572 1231 4630 61.

307 4573 349 4744 il)
370 4667 414 4728 Le
428 4665 499 4740 Bae,
515 4665 544 4724 3Θ
552 4666 663 4742 partie,
680 4664 823 4724 661-663.
