3420 5604
784 641 922 697 „7-

296 773 475 849 incolebat
493 780 554 847 aut
570 771 754 847 invisebat.
777 775 818 844 ln
837 770 907 845 illis
921 770 1009 844 loeis
1022 768 1127 843 luisse
1141 766 1313 867 ejusmodi
1330 767 1406 846 col·

297 890 398 987 legia,
421 889 573 963 maxime
592 913 612 962 e
629 888 809 985 lapidibus
828 886 1079 986 comperimus,

348 1012 380 1078 1.
409 1003 586 1103 Athenis(
612 1003 639 1103 )

320 1130 379 1203 ,1.
409 1119 564 1220 Thebis(
591 1123 618 1222 ).

346 1244 379 1313 3.
407 1239 531 1311 lsthmi
542 1245 576 1313 et
591 1243 732 1312 Nemeae
748 1237 813 1337 (3).
832 1239 946 1334 Hujus
961 1235 1100 1333 collegii
1110 1237 1261 1310 artissees
1271 1261 1407 1335 nequa·

296 1378 402 1452 quam
423 1354 481 1426 his
499 1355 541 1427 in
558 1354 645 1427 locis
660 1353 988 1441 commorabantur,
1009 1353 1071 1427 sed
1085 1351 1145 1426 alii
1158 1354 1273 1449 Argis,
1289 1361 1327 1425 ut
1343 1354 1409 1427 do-

296 1476 352 1545 oet
368 1471 498 1544 diserte
519 1470 646 1545 titulus
666 1468 706 1569 (l.
726 1470 801 1570 ab),
825 1469 899 1559 alii,
925 1476 964 1543 ut
980 1468 1171 1542 verisimile
1189 1475 1261 1557 est,
1285 1470 1410 1543 vicinis

295 1589 332 1661 in
348 1585 516 1676 urbibus3
534 1587 584 1660 ita
599 1594 637 1661 ut
656 1586 847 1683 collegium
863 1588 1067 1660 universum
1086 1609 1106 1658 e
1127 1585 1236 1673 lestis,
1254 1608 1408 1682 quorum

295 1703 514 1801 agendorum
531 1705 644 1801 gratia
665 1703 936 1796 conveniebant,
962 1726 1095 1778 nomen
1118 1703 1276 1792 duceret,
1295 1708 1411 1799 partes

296 1820 443 1917 singulae
462 1819 634 1894 adderent
651 1820 799 1894 civitatis
814 1819 1036 1894 mentionem
1055 1820 1091 1890 in
1106 1842 1175 1915 qua
1189 1817 1411 1891 domicilium

296 1942 500 2031 posuerant.
520 1939 648 2010 Totum
664 1935 731 2010 fuit
746 1935 837 2010 illud
854 1962 863 2009 ε
894 1965 910 2003 a
923 1935 1087 2010 Bucolici
1099 1935 1246 2033 artifices
1261 1958 1304 2007 eu
1315 1932 1411 2012 Isth-

294 2075 350 2124 mo
367 2063 401 2123 et
411 2053 559 2140 Nemeo,
580 2050 720 2150 Argivae
735 2051 935 2125 sodalitatis.

346 2172 381 2240 1.
410 2167 473 2239 Tei
485 2167 613 2264 triplex
634 2167 801 2241 sodalitas
823 2171 860 2240 in
879 2191 992 2241 unum
1015 2162 1204 2263 collegium
1228 2190 1303 2239 sese
1327 2189 1414 2240 oon-

297 2282 451 2372 sooiavit,
475 2289 611 2357 retenta
636 2290 756 2358 tamon
786 2284 933 2381 originis
963 2290 1024 2357 aut
1051 2283 1241 2379 peculiaris
1268 2281 1410 2357 artificii

296 2399 479 2473 memoria.
507 2400 575 2485 Qui
596 2399 662 2473 sibi
681 2407 873 2496 patronum
892 2403 1033 2472 Διόνυσον
1056 2404 1245 2498 καθηγεμόνα
1264 2421 1413 2472 nuncu-

295 2519 381 2611 pant
400 2537 441 2588 ex
459 2516 536 2612 ipsa
549 2518 621 2589 Teo
647 2517 788 2591 oriundi
820 2517 995 2607 ridentur,
1022 2525 1057 2590 et
1080 2539 1139 2590 eos
1162 2515 1345 2612 probabile
1360 2523 1412 2590 est

291 2631 507 2727 jampridem
522 2632 560 2704 in
572 2654 614 2705 ea
630 2632 718 2706 urbe
734 2633 903 2706 exstitisse
918 2655 998 2729 quaa
1015 2633 1195 2706 Bacchum
1211 2634 1305 2706 intra
1322 2634 1411 2709 lines

295 2770 378 2820 suos
396 2754 520 2820 natum
540 2771 615 2821 esse
636 2746 872 2822 contendebat
898 2754 931 2821 et
956 2747 1012 2822 dei
1035 2749 1195 2844 praesidis
1213 2751 1410 2846 patrocinio

292 2862 351 2958 jus
371 2861 456 2957 asyli
471 2871 504 2936 et
523 2864 788 2937 immunitatem
804 2870 995 2937 consecuta
1010 2871 1097 2937 erat.
1109 2864 1228 2938 Altera
1243 2864 1409 2940 sodalitas

297 2983 349 3051 est
364 2977 540 3051 artificum
570 2979 679 3051 loniae
700 2986 734 3052 et
757 2978 977 3075 Hellesponti
996 2980 1058 3077 qui
1077 2981 1114 3053 in
1134 3003 1212 3054 eam
1232 2981 1408 3055 civitatem

296 3094 540 3168 confluxerant
563 3118 657 3192 quae,
683 3096 824 3170 Baoebo
850 3103 1067 3184 consecrata,
1089 3097 1236 3170 seenieis
1257 3099 1410 3172 maxime

296 3216 498 3310 opportuna
511 3211 612 3287 sodes
630 3212 885 3287 destinabatur.
905 3215 956 3286 Ea
977 3213 1044 3286 luit
1063 3219 1298 3310 utrorumque
1318 3216 1408 3289 ratio

297 3337 346 3419 ut,
357 3328 493 3424 dupliei
505 3331 730 3426 cognomine,
741 3330 778 3403 in
789 3354 904 3403 unum
919 3331 1158 3404 communiter
1167 3331 1390 3405 consulerent
1395 3360 1404 3422 ;

296 3443 473 3518 nonnulla
486 3446 584 3519 enim
598 3446 738 3521 decreta
754 3447 938 3543 utriusque
958 3446 1104 3519 nomine
1124 3446 1293 3542 inscripta
1307 3453 1408 3521 tene-

295 3584 388 3649 mus,
405 3560 548 3634 nullum
566 3569 686 3636 autem
707 3562 802 3636 nude
821 3563 999 3637 artificum
1013 3562 1173 3661 praesidis
1192 3563 1320 3635 Baeehi
1340 3562 1352 3660 (
1379 3563 1405 3662 )

294 3679 409 3751 Tertia
436 3677 601 3752 sodalitas
631 3679 697 3752 luit
718 3680 1044 3777 synopenistorum‚
1072 3679 1260 3774 conjuncta
1288 3684 1407 3751 tamen

295 3816 377 3866 oum
402 3794 593 3891 prioribus.
621 3798 716 3881 Quos
742 3793 934 3869 Boeolrhius
959 3794 1112 3869 artifices
1133 3817 1244 3869 essee
1263 3794 1408 3868 diversis

335 4069 377 4150 (1)
398 4073 529 4134 Decreta
542 4072 909 4166 Amphiotionum.-Le
924 4073 995 4148 Bas,
1008 4069 1141 4152 riuique,
1158 4073 1276 4132 377.-
1286 4071 1337 4133 ur.
1353 4072 1408 4134 Le·

294 4170 451 4238 normam,
467 4165 815 4243 Beckeretesdd'lerrsis,
829 4168 878 4228 26.
1147 4165 1150 4170 ’

339 4255 380 4338 (2)
400 4261 442 4320 Le
457 4261 526 4336 Bae,
543 4264 574 4323 3ο
582 4262 693 4342 partie,
709 4263 780 4323 505.

335 4351 375 4429 (3)
397 4352 541 4432 boucart,
557 4354 656 4416 Beoue
675 4353 818 4431 oreleol„
836 4356 924 4430 1870,
944 4359 967 4416 t.
987 4354 1025 4428 ll,
1045 4372 1076 4434 p.
1093 4356 1163 4430 l07,
1182 4352 1238 4414 ubi
1258 4358 1362 4414 uetera
1374 4353 1408 4414 in

293 4442 405 4504 laceris
419 4445 518 4508 titulis
532 4448 663 4511 latentia
675 4449 788 4529 oollegi
803 4453 835 4512 et
847 4448 1023 4511 emendavi.

333 4537 374 4618 (1)
402 4537 515 4621 Corpus
530 4542 618 4604 inser.
634 4563 695 4624 pr„
712 4547 803 4621 3067,
819 4543 898 4605 3068
912 4560 942 4604 u.
958 4576 996 4591 -
1010 4543 1122 4609 LeBas
1136 4547 1167 4604 et
1180 4540 1406 4622 Waddington,

295 4628 389 4694 lusor.
405 4632 665 4714 dAsie-Mr'ueure,
681 4640 750 4700 281.
