3736 5784
776 721 934 780 ..Η-

349 849 451 947 Quod
476 853 505 927 si
534 853 789 930 Demosthenes
813 851 977 948 pluribus
998 847 1086 924 locis
1104 848 1281 923 AEschinis
1303 849 1414 926 artili-

300 973 395 1047 cium
416 992 499 1044 cum
514 970 619 1044 irrisu
633 976 668 1043 et
682 967 955 1065 exprobratione
969 965 1275 1056 commemoravit,
1292 987 1365 1038 non
1381 967 1412 1039 ei

299 1109 458 1185 unquam
469 1085 707 1184 probrovertit
720 1085 816 1182 quod
825 1083 962 1159 fabulas
974 1081 1184 1180 egisset,sed
1197 1081 1294 1179 quod
1307 1081 1410 1157 male.

297 1209 402 1292 Hunc
423 1203 580 1278 dicteriis
599 1207 807 1299 persecutus
831 1209 897 1292 est,
922 1201 1108 1275 tertiarum
1127 1197 1283 1295 partium
1304 1198 1414 1295 pessi-

296 1343 397 1395 mum
417 1325 586 1408 actorem,
610 1320 781 1394 rusticum
799 1321 1025 1392 OEnomaum
1045 1314 1098 1412 (in
1122 1337 1194 1412 quo
1215 1313 1350 1410 agendo
1374 1313 1412 1385 in

296 1459 385 1537 pago
404 1433 560 1535 quodam
575 1433 778 1533 ceciderat),
795 1433 908 1508 sibilis
927 1432 1126 1529 explosum,
1143 1453 1227 1504 cum
1242 1435 1413 1527 spectato·

296 1551 396 1629 ribus
412 1551 627 1649 inexpiabile
642 1550 777 1626 bellum
792 1555 973 1648 gerentem
982 1576 991 1638 ;
1018 1571 1099 1646 quae
1118 1553 1237 1622 tamen
1254 1546 1412 1620 convicia

297 1690 369 1741 non
387 1667 577 1742 artificium
598 1668 728 1763 ipsum,
751 1666 814 1740 sed
837 1665 1009 1740 artificem
1032 1661 1210 1738 insulsum
1233 1660 1383 1735 laedunt.

345 1787 419 1861 Nec
433 1785 545 1881 magis
563 1784 733 1876 scenicos,
753 1782 851 1880 quod
865 1783 933 1856 deo
948 1780 1038 1855 sacri
1056 1778 1169 1853 habiti
1183 1787 1278 1870 sunt,
1295 1778 1412 1850 biera-

296 1899 394 1974 dolos
425 1900 532 1975 luisse
565 1900 770 1976 credideris.
806 1899 878 1973 llos
912 1899 1030 1985 enim,
1064 1918 1271 1994 quanquam
1305 1895 1411 1991 longe

298 2017 438 2093 meliori
455 2023 548 2092 sorte
559 2016 782 2106 fruebantur,
800 2015 917 2090 servili
931 2020 1051 2088 tamen
1069 2020 1103 2088 et
1122 2013 1259 2109 origine
1271 2018 1306 2086 et
1320 2035 1413 2086 con-

298 2133 434 2208 ditione
457 2133 564 2207 fuisse
583 2138 733 2222 constat,
756 2137 791 2206 et
804 2128 1052 2204 tantummodo
1072 2151 1114 2204 ex
1134 2127 1324 2203 hominum
1339 2151 1413 2202 ser-

298 2247 407 2320 vitute
426 2244 469 2321 ad
492 2246 550 2322 dei
573 2247 754 2322 servitium
777 2247 959 2343 migrasse.
979 2243 1137 2319 Artifices
1155 2250 1289 2332 contra,
1303 2242 1412 2317 colle-

296 2363 437 2460 giorum
463 2363 666 2459 participes,
694 2362 841 2459 ingenui
873 2360 965 2436 cives
992 2367 1110 2452 erant,
1138 2366 1262 2456 utpote
1287 2359 1349 2454 qui
1377 2363 1412 2440 ct

296 2484 486 2574 paternum
519 2501 649 2554 nomen
679 2485 713 2552 et
743 2479 919 2554 civitatem
953 2501 1055 2553 suam
1088 2476 1301 2575 proterrent.
1338 2479 1410 2550 Nec

297 2593 425 2667 desunt
449 2593 577 2669 diserta
596 2594 757 2691 lapidum
783 2595 988 2669 testimonia
1015 2618 1095 2691 qum
1118 2594 1294 2692 inspicere
1314 2591 1412 2667 haud

297 2708 424 2783 inutile
444 2709 608 2784 arbitror.
632 2714 673 2790 ln
695 2711 861 2809 catalogis
885 2712 981 2786 enim
1003 2712 1223 2786 musicorum
1246 2708 1411 2786 certami-

297 2848 385 2900 num
402 2825 525 2900 nullus
545 2827 655 2902 victor
668 2827 823 2902 occurrit
838 2829 942 2926 cujus
956 2852 1029 2902 non
1048 2834 1083 2903 et
1104 2828 1224 2902 civitas
1240 2833 1277 2901 et
1289 2831 1411 2924 pater-

295 2964 384 3015 num
403 2964 536 3017 nomen
554 2941 718 3017 addatur.
742 2947 782 3017 ln
806 2944 848 3017 iis
867 2967 949 3018 vero
968 2944 1081 3018 titulis
1100 2944 1163 3042 qui
1182 2944 1324 3042 proprie
1339 2942 1411 3015 col-

182 3106 184 3120 ·
294 3056 470 3156 legiorum
493 3067 588 3148 sunt,
616 3061 644 3134 si
668 3059 812 3157 quando
835 3083 877 3134 ea
896 3061 1028 3136 mentio
1047 3061 1177 3136 omissa
1202 3059 1282 3147 fuit,
1307 3057 1409 3132 facile

296 3197 351 3250 res
366 3176 523 3271 expediri
541 3182 668 3272 potest.
684 3180 820 3273 Nempe
841 3179 882 3268 si,
899 3178 936 3250 in
951 3175 1102 3253 decretis
1117 3175 1410 3273 Amphictionum

298 3290 342 3365 de
362 3283 562 3366 Atticorum
577 3294 800 3367 scenicorum
818 3293 982 3392 collegio,
999 3295 1114 3393 patria
1127 3294 1323 3390 legatorum
1336 3316 1409 3366 uon

297 3409 515 3506 designatur,
542 3410 623 3483 satis
651 3416 795 3508 apparet
823 3433 883 3484 eos
915 3411 1150 3486 Athenienses
1183 3411 1304 3485 luisse.
1337 3413 1410 3484 Nee

298 3525 410 3621 magis
438 3525 571 3599 mirum
603 3525 699 3622 quod
738 3529 912 3616 Issenses,
951 3527 988 3600 in
1024 3527 1249 3602 recensendis
1275 3527 1319 3602 iis
1347 3526 1408 3623 qui

296 3641 498 3738 sumptibus
517 3642 589 3715 suis
611 3643 820 3740 spectandos
842 3643 898 3717 vel
923 3643 1119 3720 audiendos
1140 3645 1292 3720 artifices
1312 3668 1408 3741 pree-

295 3756 459 3850 buerant,
478 3758 692 3856 plerumque
708 3761 746 3833 in
764 3761 941 3858 peregrini
954 3763 1094 3857 generis
1106 3762 1255 3835 scenicis
1268 3763 1407 3859 paterni

295 3873 452 3948 nominis
470 3876 690 3949 mentionem
705 3877 952 3973 neglexerunt.
970 3879 1021 3950 Ex
1035 3900 1106 3974 qno
1120 3878 1349 3952 temerarium
1365 3879 1409 3951 sit

294 3990 471 4088 conjicere
499 4014 559 4066 eos
585 3992 790 4067 conditione
816 3993 922 4066 fuisse
950 4016 1023 4068 non
1048 3994 1215 4092 ingenua.
1246 3995 1408 4092 Exempli

294 4128 412 4199 causa,
434 4107 472 4179 in
494 4131 567 4181 uno
586 4109 691 4184 titulo
712 4109 918 4184 inscribitur
937 4109 1187 4186 Athenodorus
1208 4113 1405 4201 comoedus,

292 4224 369 4298 sine
387 4224 498 4320 patris
513 4226 680 4316 nomine;
704 4227 742 4300 in
759 4226 885 4318 altero,
909 4226 1008 4300 idem
1027 4227 1126 4303 audit
1149 4229 1345 4303 Heraclida
1365 4229 1406 4303 li·

292 4338 362 4413 lius
377 4336 442 4437 (l).
465 4338 627 4437 Longum
656 4343 699 4415 sit
724 4365 783 4416 eos
811 4365 995 4418 recensere
1019 4367 1174 4442 quorum
1202 4347 1334 4438 civitas,
1371 4353 1407 4420 et

292 4461 481 4553 paternum
499 4480 643 4547 nomen,
661 4458 854 4558 aliquando
871 4461 978 4536 etiam
996 4462 1131 4536 avitum
1150 4485 1406 4538 commemora-

333 4710 376 4792 (l)
396 4713 440 4775 Le
454 4712 515 4776 Bas
528 4720 560 4776 et
573 4714 797 4798 Waddington,
812 4718 907 4782 Inscr.
921 4716 1176 4800 oldaia-Mimo,
1191 4723 1251 4786 255
1266 4728 1298 4784 et
1312 4723 1382 4786 257.
