3420 5604
908 600 1064 658 ..68-

434 731 563 804 cecinit
581 729 645 829 (1).
668 730 890 817 Auletarum,
910 731 948 803 id
971 738 1033 819 est,
1062 753 1187 804 corum
1209 731 1268 827 qui
1297 730 1393 804 nude
1418 731 1541 804 tibiam

332 931 335 937 y
430 846 604 920 inflabant
624 847 736 920 multa
748 854 780 919 et
795 847 890 920 varia
903 870 1033 943 genera
1049 871 1057 918 :
1073 846 1226 943 cyclicus
1237 847 1369 922 tibicen
1384 855 1444 920 aut
1460 847 1544 920 cho-

429 962 559 1051 raules,
577 962 774 1059 pythaules,
793 962 924 1059 quibus
937 963 1020 1036 solis
1033 965 1212 1060 proposita
1226 970 1326 1038 erant
1341 970 1436 1037 certa
1451 986 1544 1059 prae-

429 1079 521 1167 mia;
542 1080 601 1152 alii
618 1078 796 1167 actoribus
814 1080 966 1175 tragicis,
985 1080 1129 1152 comicis
1146 1088 1179 1154 et
1194 1080 1363 1177 satyricis,
1381 1080 1542 1154 chorisve

427 1194 626 1291 puerilibus
646 1201 681 1268 et
698 1194 860 1268 virilibus
877 1194 1099 1269 accinebant.

476 1312 604 1385 Poetae.
629 1316 732 1386 Nunc
755 1311 798 1385 ad
820 1319 940 1409 poetas
956 1313 1071 1402 venio,
1094 1336 1247 1408 quorum
1270 1311 1387 1386 studia
1415 1314 1541 1387 llorere

426 1431 514 1503 vidit
531 1429 636 1503 etiam
660 1429 739 1502 haee
763 1436 858 1519 aetaS,
877 1436 916 1501 ut
936 1453 955 1502 e
975 1427 1228 1503 certaminibus
1248 1428 1415 1502 ludorum
1435 1451 1540 1503 com-

425 1546 595 1642 perimus.

475 1664 579 1734 Poeta
605 1661 727 1757 epicus
754 1658 826 1758 (1),
856 1659 1047 1757 aliquando
1072 1659 1167 1733 nude
1197 1659 1312 1734 dictus
1335 1666 1437 1757 poeta
1464 1659 1536 1759 (3),

426 1778 528 1872 quasi
539 1776 600 1850 ille
612 1777 837 1872 potissimum
851 1800 891 1850 eo
903 1778 1048 1850 nomine
1063 1777 1190 1872 dignus
1204 1784 1305 1863 esset,
1320 1778 1382 1872 qui
1395 1778 1541 1850 Homeri

425 1893 580 1989 vestigiis
602 1893 791 1966 insisteret.
821 1896 897 1966 Hoc
922 1894 960 1964 in
989 1891 1182 1966 certamine
1202 1902 1365 1989 poemata
1396 1892 1542 1966 heroica

410 2001 486 2082 'aut
508 2031 634 2081 eorum
658 2009 842 2104 particulae
866 2009 1016 2105 prolerri
1041 2008 1144 2082 solita
1170 2014 1204 2080 et
1224 2009 1365 2082 recitari
1392 2006 1435 2081 ab
1463 2009 1540 2105 ipso

423 2132 512 2198 rate.
530 2122 637 2197 Aliud
653 2148 766 2220 genus
778 2131 830 2198 est
842 2149 965 2199 eorum
979 2127 1040 2221 qui
1051 2131 1187 2199 certant
1200 2124 1402 2199 laudatione
1417 2125 1517 2221 epica
1526 2151 1536 2212 ;

425 2263 554 2337 nempe
569 2241 606 2313 in
623 2241 863 2337 Amphiaraiis
881 2243 987 2338 Oropi
1007 2243 1156 2316 carmini
1173 2242 1273 2338 epico
1291 2248 1324 2314 et
1343 2241 1539 2315 laudationi

423 2357 535 2452 epicae
553 2356 689 2429 diversa
709 2357 856 2452 praemia
870 2366 1119 2454 proponuntur
1136 2355 1200 2455 (1).
1220 2357 1270 2430 Ea
1284 2357 1440 2430 laudatio
1456 2380 1539 2452 quae

424 2473 468 2545 sit
496 2472 650 2546 ostendit
676 2496 791 2569 nuper
819 2481 978 2569 repertus
1007 2475 1045 2546 in
1075 2472 1210 2547 liuboea
1237 2473 1373 2560 titulus,
1402 2475 1438 2546 in
1464 2495 1537 2569 quo

423 2590 580 2686 primum
599 2589 718 2662 locum
743 2590 879 2664 obtinet
898 2590 1049 2662 laudatio
1065 2591 1101 2662 iu
1114 2589 1313 2687 Apollinem
1328 2588 1401 2688 (5);
1426 2590 1475 2662 ita
1494 2612 1537 2662 ea

424 2705 580 2779 laudatio
605 2708 831 2802 componitur
852 2708 889 2779 iu
913 2707 1088 2781 honorem
1113 2706 1169 2781 dei
1189 2708 1247 2780 cui
1271 2707 1347 2780 ludi
1370 2711 1537 2804 aguntur.

423 2821 551 2894 Melius
565 2823 672 2918 igitur
683 2822 917 2912 laudationes,
931 2847 1009 2897 mea
1020 2824 1166 2919 quidem
1177 2824 1365 2913 sententia,
1375 2821 1542 2902 diceren-

425 2944 483 3011 tur
500 2940 774 3013 Homeridarurn
795 2941 952 3014 carmina
969 2964 1049 3037 quae
1071 2940 1174 3037 vulgo
1192 2940 1335 3014 exordia
1356 2947 1391 3012 et
1414 2941 1540 3036 hymni

425 3054 662 3152 appellantur.
686 3057 834 3152 Utrique
853 3062 1039 3152 poetarum
1059 3058 1178 3153 generi
1199 3056 1235 3128 id
1259 3080 1449 3130 commune
1472 3056 1543 3129 luit

426 3171 518 3269 quod
534 3180 698 3269 poemata
711 3172 870 3245 versibus
888 3173 1099 3246 hexametris
1114 3179 1282 3269 concepta
1297 3173 1538 3269 proferebant.

475 3293 589 3364 Poetae
604 3288 776 3383 προσοδίων
793 3291 831 3361 in
856 3288 996 3363 duobus
1014 3289 1126 3362 titulis
1144 3301 1340 3363 occurrunt
1363 3288 1427 3388 (6).
1452 3293 1541 3375 Quae

426 3405 493 3478 luit
515 3408 649 3501 species
666 3405 830 3502 quaedam
848 3405 972 3501 hymni
990 3404 1034 3478 ad
1054 3404 1176 3478 tibiam
1193 3392 1273 3479 cani
1289 3405 1403 3503 solita,
1429 3429 1542 3503 quum

426 3523 567 3618 templis
581 3529 644 3597 aut
663 3522 732 3595 aris
746 3519 963 3596 accedebant
978 3519 989 3619 (
1017 3519 1041 3618 ).

476 3639 750 3735 Dithyrambicis
765 3639 887 3735 poetis,
902 3639 965 3734 qui
977 3637 1160 3733 quondam
1172 3644 1270 3713 tanto
1280 3640 1417 3715 honore
1433 3640 1544 3714 Athe·

468 3938 511 4016 (1)
532 3938 574 3999 Le
587 3939 646 3998 Bas
660 3942 692 3997 et
704 3935 929 4014 Waddiogtou,
941 3932 1031 3996 lusor.
1044 3934 1297 4008 d'Aste·Mineur²e,
1314 3938 1372 3998 aet
1385 3943 1417 3998 et
1428 3940 1497 3999 256.

469 4031 511 4111 (⁶2)
532 4031 724 4107 Decharme,
741 4033 792 4106 26,
808 4029 829 4092 l.
846 4032 895 4092 l5.
914 4031 1043 4107 -Keil,
1061 4030 1129 4090 Zur
1144 4029 1267 4110 Sylloye
1281 4029 1374 4091 Inscr.
1392 4029 1470 4108 dcet,
1489 4034 1539 4094 al.

428 4157 468 4171 —
480 4127 523 4187 Le
538 4126 608 4196 Bas,
624 4127 654 4185 3ο
663 4124 774 4203 partie,
791 4127 862 4183 616.

469 4219 511 4299 (3)
532 4222 575 4282 Le
589 4220 659 4293 Bas,
677 4216 708 4279 3⁰
717 4222 827 4297 partic,
846 4218 1002 4290 611613.

467 4315 507 4396 (1)
529 4312 688 4392 Rangabe',
705 4310 808 4391 Antip.
824 4309 940 4387 belle'n„
958 4315 1029 4390 965,
1042 4313 1064 4373 l.
1080 4315 1144 4375 bet
1160 4318 1206 4376 13.

468 4407 509 4488 (5)
529 4405 714 4486 Ephemeris
730 4405 975 4484 Archaeologica,
995 4424 1064 4466 noo.
1082 4426 1150 4480 sen,
1163 4411 1235 4469 lla.

468 4502 509 4582 (6)
530 4500 714 4577 Dacharme,
729 4498 749 4557 l.
760 4498 941 4559 9.-Iuscr.
958 4497 1035 4559 r'ne'd.
1051 4499 1086 4560 de
1100 4500 1236 4581 Delphos,
1252 4503 1290 4579 V,
1303 4503 1325 4562 l.
1344 4503 1390 4564 13.

470 4595 511 4676 (1)
532 4596 636 4674 Etym.
652 4594 812 4673 Magnum.
825 4626 860 4641 -
875 4593 1016 4670 Photius,
1032 4593 1188 4674 attractu,
1205 4617 1237 4678 p.
1252 4600 1321 4661 319.
