3736 5784
955 635 1114 696 -20-
1232 693 1236 702 .

479 792 549 842 non
574 767 685 841 alium
699 790 774 840 esse
791 789 832 840 ac
847 767 1033 840 Cratinum
1048 765 1243 862 Menophili
1268 768 1525 862 Pergamenum
1550 769 1595 840 ti-

476 883 632 957 bicinem
660 882 725 982 (l).
752 883 846 969 Quin
876 883 982 957 etiam
1001 883 1182 971 videmus,
1207 882 1245 954 in
1271 882 1347 979 ipso
1383 880 1593 974 sacerdotio,

478 1003 704 1076 Philonidam
719 1001 957 1075 Aristomachi
976 1003 1207 1097 Zacynthium
1225 999 1321 1074 ludis
1337 1001 1486 1074 Soteriis
1503 1026 1595 1096 prae-

476 1119 598 1208 luisse,
618 1141 789 1191 unacum
806 1118 976 1191 archonte
996 1116 1169 1214 Delphico
1188 1124 1224 1189 et
1240 1116 1594 1192 hieromnemonibus

476 1235 704 1325 assidentem,
731 1242 764 1309 et
790 1235 958 1308 eumdem
979 1233 1105 1307 eodem
1125 1234 1182 1308 die
1204 1233 1240 1306 in
1265 1233 1441 1307 comoedia
1464 1233 1595 1328 primas

475 1358 591 1446 partes
613 1351 725 1446 egisse
746 1348 811 1448 (0).

525 1473 566 1541 ln
583 1467 702 1565 lapide
717 1467 825 1540 etiam
839 1467 938 1557 Teio,
953 1465 1114 1542 sacerdos
1128 1473 1181 1540 est
1195 1465 1371 1541 artificum
1391 1467 1593 1540 Demetrius

476 1592 511 1659 et
533 1585 644 1660 victor
677 1581 882 1656 inscribitur
906 1582 1124 1658 citharoedus
1149 1583 1348 1658 Demetrius
1377 1585 1588 1673 Phocensis,

475 1725 582 1798 quem
597 1700 764 1774 eumdem
789 1723 865 1774 esse
886 1699 1078 1772 verisimile
1095 1698 1233 1773 videtur
1253 1697 1318 1798 (3).
1345 1702 1463 1773 Unum
1483 1699 1592 1774 modo

473 1824 613 1914 poetam
635 1817 830 1890 sacerdotio
846 1816 1012 1890 sunctum
1031 1816 1207 1902 norimus,
1231 1815 1424 1889 Philiscum
1440 1815 1588 1905 scilicet,

475 1933 624 2006 Philotae
639 1933 770 2024 filium,
785 1934 1053 2029 Corcyrensem,
1070 1931 1168 2006 haud
1190 1932 1386 2029 ignobilem
1401 1933 1590 2030 tragoedia·

473 2074 553 2123 rum
567 2051 786 2146 scriptorem,
803 2072 956 2146 quarum
976 2050 1082 2124 etiam
1105 2048 1283 2122 nonnulla
1303 2048 1500 2146 fragmenta
1519 2071 1591 2123 ser-

472 2173 612 2255 vantur,
632 2188 755 2262 quem,
771 2170 942 2261 regnante
960 2164 1151 2238 Ptolemaeo
1167 2162 1415 2261 Philadelpho,
1434 2164 1589 2239 Alexan-

473 2283 585 2356 drinis
604 2279 800 2355 artificibus
818 2280 1002 2377 praeluisse
1030 2282 1156 2354 Suidas
1173 2287 1207 2355 et
1226 2280 1420 2355 Athenaeus
1435 2280 1589 2358 tradide-

470 2404 557 2473 runt
569 2396 635 2496 (4).

520 2515 562 2587 lu
581 2514 705 2587 Atticis
724 2513 850 2604 titulis,
879 2521 961 2588 ante
984 2513 1227 2604 Hadrianum,
1249 2513 1350 2587 nulla
1372 2516 1507 2590 mentio
1528 2540 1582 2591 sa-

471 2629 625 2706 cerdotis
649 2631 694 2705 ad
724 2631 823 2704 hunc
846 2630 941 2704 diem
969 2635 1107 2726 reperta
1126 2637 1199 2720 est,
1234 2629 1304 2703 sive
1328 2653 1411 2705 casu
1441 2630 1583 2728 aliquo,

471 2749 543 2822 sive
564 2746 682 2843 potius
706 2746 803 2843 quod
827 2769 868 2820 ea
895 2743 1048 2841 dignitas
1073 2744 1218 2840 publico
1248 2745 1380 2820 Bacchi
1407 2746 1580 2820 sacerdoti

471 2861 708 2938 tribuebatur.

519 2979 625 3074 Apud
651 2978 766 3062 Teios,
804 2977 1006 3053 institutum
1035 2978 1102 3052 luit
1128 2979 1237 3054 etiam
1255 2979 1408 3055 alterum
1430 2979 1590 3056 sacerdo·

470 3097 575 3186 tium,
601 3118 715 3192 quum
741 3099 977 3191 Pergamenos
1001 3119 1102 3193 reges
1123 3099 1321 3171 Eumenem
1346 3103 1381 3172 et
1403 3097 1585 3186 Attalum,

471 3235 626 3308 quorum
656 3210 837 3285 beneficiis
864 3211 1056 3309 collegium
1084 3219 1230 3288 auctum
1263 3221 1297 3288 et
1328 3213 1587 3310 amplificatum

470 3328 598 3417 luerat,
619 3326 785 3419 artifices,
810 3329 964 3403 Asiatica
985 3326 1201 3421 adulatione,
1225 3336 1260 3403 et
1274 3331 1369 3405 vivos
1384 3329 1511 3404 divinis
1526 3331 1588 3404 ho·

469 3443 617 3517 norihus
632 3451 934 3539 prosequerentur
949 3449 982 3517 et
998 3450 1157 3518 mortuos
1169 3444 1207 3518 in
1228 3447 1377 3520 deorum
1394 3469 1587 3520 numerum

469 3560 644 3634 referrent
658 3557 724 3658 (5).

517 3677 634 3773 Cypri,
653 3675 893 3750 sacerdotium
908 3678 1133 3752 scenicorum
1152 3703 1235 3753 oum
1259 3702 1385 3777 regum
1409 3682 1588 3778 AEgyptio·

469 3817 550 3866 rum
564 3791 664 3866 cultu
681 3799 716 3866 et
737 3790 930 3889 aliquando
950 3817 1034 3866 cum
1052 3794 1199 3890 publico
1216 3795 1365 3868 civitatis
1390 3796 1586 3871 sacerdotio

467 3908 700 4005 conjunctum
725 3907 792 3981 l'uit
809 3931 817 3979 :
836 3931 991 3981 summas
1010 3909 1164 3984 sacerdos
1187 3912 1337 3994 alteratis
1359 3923 1393 3984 et
1416 3912 1586 4010 artificum

507 4162 549 4242 (l)
572 4159 685 4240 Corpus
700 4164 791 4220 inser.
802 4177 864 4237 pr„
877 4161 967 4235 3070,
980 4162 1070 4223 3090.

504 4254 548 4336 (9)
567 4252 759 4333 Inscmptions
773 4250 892 4313 ineditos
906 4251 940 4312 de
954 4252 1092 4333 Delphos,
1108 4254 1160 4330 lll,
1176 4254 1199 4315 l.
1215 4259 1234 4319 9
1247 4261 1278 4317 et
1293 4257 1343 4319 49.

504 4347 545 4430 (3)
564 4351 608 4410 Le
620 4349 681 4408 Bas
695 4351 727 4406 et
740 4343 965 4424 Waddington,
982 4346 1077 4408 lusor.
1091 4346 1348 4424 d'Asie-Mtoeore,
1363 4353 1412 4412 93.

501 4441 544 4521 (t)
566 4443 757 4519 Fragmenta
771 4437 967 4518 tragicorum
980 4459 1168 4520 graecorum,
1187 4441 1235 4502 ed.
1251 4442 1355 4519 Didot,
1370 4463 1402 4524 p.
1420 4446 1490 4506 156.

504 4535 546 4614 (5)
571 4533 684 4613 Corpus
698 4533 785 4593 inser.
801 4552 862 4612 pr„
879 4534 958 4595 3068
974 4537 1010 4610 l,
1028 4534 1049 4596 l.
1068 4539 1080 4596 l
1098 4540 1130 4596 et
1145 4539 1199 4610 l73
1223 4538 1313 4611 3070,
1330 4537 1449 4599 1.9.-
1467 4541 1510 4600 Le
1525 4539 1585 4600 Bas

464 4625 837 4707 etWaddington‚Ioscr.
854 4625 1112 4702 dilala-Minoum,
1129 4633 1184 4707 93;
1201 4630 1241 4691 ol.
1254 4633 1304 4694 88.
