3736 5784
929 621 1092 714 re-

462 783 533 858 qua
547 763 653 831 motae
671 759 754 828 sunt
773 751 895 826 multae
914 753 1181 849 disputationes.
1199 756 1399 829 Occurrunt
1417 757 1511 829 enim
1532 757 1571 829 in

461 874 589 949 iisdem
614 871 742 947 tabulis
761 869 910 967 tragoedi
929 894 1071 968 quoque
1094 876 1129 944 et
1148 871 1311 946 comoedi.
1342 875 1437 957 Quos
1460 895 1573 970 quum

462 990 652 1065 Boeckhius
672 986 974 1080 animadvertisset
996 1010 1068 1060 non
1088 986 1258 1083 appellari
1275 993 1430 1079 actores,
1457 1012 1573 1084 neque

460 1114 646 1206 poetarum
664 1101 967 1192 nominarelerri,
987 1126 1065 1176 earn
1087 1126 1212 1175 novam
1237 1103 1491 1200 interpretandi
1512 1128 1576 1178 ra-

428 1269 431 1276 ·
460 1226 594 1300 tionem
607 1220 812 1318 excogitavit
832 1247 847 1286 «
862 1241 935 1292 non
952 1217 1032 1291 illos
1044 1242 1119 1293 esse
1134 1219 1322 1294 histriones
1337 1218 1397 1293 sed
1414 1227 1575 1304 cantores

462 1341 609 1438 lyricos3
637 1334 804 1411 eumdem
822 1358 901 1440 esse
918 1342 1056 1432 poetam
1081 1341 1116 1409 et
1136 1335 1310 1408 musicum
1321 1361 1330 1423 ;
1357 1359 1439 1409 suos
1455 1359 1576 1410 versus

465 1456 632 1532 cecinisse
659 1450 833 1548 tragoedos
850 1458 884 1524 et
907 1448 1100 1538 comoedos,
1125 1457 1164 1523 ut
1191 1450 1306 1547 elegos
1335 1474 1417 1524 suos
1436 1453 1575 1527 cecine-

465 1577 550 1646 runt
564 1574 696 1642 veteres
711 1566 855 1655 auloedi,
878 1589 1005 1640 nomos
1020 1589 1102 1640 suos
1117 1565 1363 1640 citharoedicos
1375 1568 1575 1642 citharoedi.

465 1689 591 1785 Liquet
609 1689 715 1762 καινήν
729 1704 799 1755 non
814 1705 888 1754 esse
908 1705 1035 1756 novam
1047 1682 1152 1755 veteri
1167 1684 1376 1778 oppositam,
1392 1685 1454 1757 sed
1467 1707 1578 1780 genus

465 1804 560 1877 aliud
578 1801 631 1876 illi
650 1801 796 1896 antiquo
812 1799 934 1894 generi
949 1798 1163 1895 oppositum.
1186 1797 1291 1886 Quod
1306 1823 1417 1896 quum
1436 1800 1480 1871 sit
1496 1799 1579 1872 dra-

466 1919 652 2005 maticum,
683 1924 779 1989 vetus
807 1913 897 1986 illud
927 1914 1125 1987 necessario
1152 1901 1204 1987 est
1231 1913 1381 2008 lyricum
1409 1915 1578 2012 judican-

467 2035 607 2109 dum».
637 2035 752 2119 Quam
772 2030 984 2104 sententiam
1009 2029 1285 2126 pertinacissime
1307 2029 1470 2126 pluribus
1490 2030 1578 2104 locis

468 2148 639 2224 defendit.
664 2150 755 2222 Hinc
775 2145 977 2220 inauditum
994 2144 1066 2217 illis
1081 2144 1299 2241 temporibus
1314 2169 1426 2243 genus
1446 2148 1580 2220 carmi-

470 2289 572 2356 num,
591 2261 782 2339 comoedias
793 2269 827 2336 et
844 2261 1030 2358 tragoedias
1043 2259 1168 2357 lyricas
1183 2261 1284 2334 finxit
1303 2269 1337 2336 et
1353 2263 1485 2337 multos
1502 2263 1580 2360 ejus

471 2381 610 2479 generis
629 2385 814 2475 poetarum
833 2399 985 2449 numero
1005 2376 1158 2448 inseruit
1178 2382 1238 2465 (l).

520 2500 606 2582 Quae
634 2516 746 2591 quum
774 2493 862 2565 mihi
888 2515 1014 2588 parum
1043 2491 1291 2588 probarentur,
1323 2494 1491 2596 adversus
1517 2497 1581 2569 viri

472 2610 665 2686 doctissimi
680 2610 924 2683 auctoritatem
939 2614 1146 2705 argumenta
1157 2609 1380 2704 quaesieram,
1405 2635 1486 2708 quae
1499 2637 1583 2709 sup-

473 2726 678 2826 peditabant
705 2724 812 2798 tituli.
848 2725 978 2798 Mirum
1006 2724 1102 2797 enim
1130 2724 1314 2798 ridebatur
1343 2727 1409 2801 lasi
1444 2735 1582 2802 tantum
1706 2769 1709 2774 -

473 2845 646 2943 placuisse
665 2841 701 2914 id
721 2864 831 2938 genus
845 2841 962 2937 lyrjcae
982 2841 1165 2915 comoediae
1183 2847 1217 2916 et
1234 2844 1412 2939 tragoediee
1427 2851 1466 2916 ut
1481 2853 1584 2942 quot·

474 2964 575 3036 annis
593 2959 665 3034 duo
687 2958 872 3054 tragoedos,
902 2958 973 3031 duo
991 2955 1171 3031 comoedos
1186 2956 1309 3031 audire
1327 2959 1474 3051 vellent,
1496 2959 1586 3034 nul-

475 3079 551 3151 lum
576 3082 693 3150 autem
715 3073 893 3170 tragredire
917 3081 951 3145 et
976 3074 1159 3147 comoediae
1187 3073 1598 3170 dramaticaeectoremss

476 3194 585 3268 Multo
605 3192 714 3286 magis
733 3191 839 3264 etiam
860 3188 1068 3284 displicebat
1081 3189 1243 3263 Boeckhii
1261 3192 1396 3287 opinio,
1414 3214 1528 3289 quum
1547 3196 1586 3266 in

478 3309 697 3384 Soteriorum
726 3304 855 3378 tabulis
880 3303 1002 3377 decern
1029 3327 1151 3402 greges
1172 3307 1430 3403 tragoedorum,
1462 3309 1587 3383 decem

480 3422 746 3511 comoedorum,
776 3444 858 3494 cum
883 3419 1062 3494 didascalo
1087 3444 1164 3511 suo,
1187 3422 1289 3519 cujus
1314 3421 1438 3497 nullus
1466 3425 1588 3500 fuisset

479 3563 575 3628 usus,
590 3539 618 3610 si
634 3560 698 3611 sua
712 3538 871 3612 earmina
884 3537 1108 3628 cecinissent,
1124 3536 1398 3633 descripsissem.
1414 3542 1586 3635 Tandem,

479 3679 591 3755 quum
607 3653 765 3727 Boeekhii
777 3655 929 3727 rationes
942 3654 1185 3750 perpendenti,
1204 3660 1279 3727 tum
1294 3657 1508 3753 opponenda
1522 3666 1590 3732 tes-

479 3772 627 3847 timonio
638 3766 816 3844 ordinanti
829 3769 1063 3842 certissimum
1076 3777 1325 3867 argumentum
1338 3772 1455 3846 attulit
1467 3775 1591 3849 titulus

480 3886 716 3983 Thespiensis,
741 3907 834 3958 anno
853 3890 958 3974 1868,
977 3884 1112 3981 publici
1128 3887 1218 3984 juris
1242 3887 1371 3965 lactus.
1398 3892 1532 3985 Nempe
1554 3892 1591 3961 in

481 4003 638 4100 catalogo
654 4001 893 4076 Orchomenio
908 4001 1110 4075 invenimus
1128 4030 1135 4074 :
1159 4004 1311 4099 epinicia
1329 4004 1412 4077 vicit
1427 4006 1592 4079 comedes
1700 4081 1703 4086 ,

481 4120 661 4195 Euarchus
676 4118 845 4192 Herodoti
867 4119 1081 4191 Coronensis
1102 4118 1166 4217 (2).
1187 4122 1228 4192 ln
1249 4119 1311 4193 illo
1339 4126 1456 4194 autem
1481 4122 1591 4196 Thes·

482 4237 598 4334 piensi
620 4247 742 4308 :octor
760 4235 879 4308 cetero
897 4234 1064 4308 comedim
1083 4236 1263 4308 Euarchus
1291 4238 1459 4311 Herodoti
1483 4237 1591 4313 Coro-

519 4513 561 4594 (l)
586 4512 698 4592 Corpus
711 4512 799 4575 inser.
815 4533 877 4594 prs,
894 4520 917 4575 t.
931 4516 956 4591 l,
972 4533 1004 4593 p.
1020 4517 1078 4577 763
1091 4519 1122 4575 et
1136 4518 1205 4577 766.

519 4608 560 4686 (b)
586 4605 697 4685 Corpus
710 4607 797 4670 inser.
813 4627 874 4688 gr„
892 4610 980 4680 1583,
996 4609 1019 4670 l.
1037 4610 1143 4670 hbeo.
