3736 5784
698 689 856 748 ..49-

222 821 368 909 luerint,
388 821 462 916 jana
485 841 591 914 supra
612 817 728 892 docui.
757 819 871 893 Pretio
893 825 1011 892 tamen
1031 823 1096 895 erit
1117 821 1240 897 audire
1261 847 1333 920 qua

221 937 382 1010 oratione
396 937 562 1010 adversus
576 937 732 1008 lasenses
748 935 801 1008 usi
818 934 950 1008 suerint
966 937 1041 1008 Teii
1057 937 1223 1028 artifices,
1246 962 1336 1034 quo·

221 1077 302 1126 rum
321 1051 428 1124 verba
456 1074 600 1146 prorsus
628 1061 711 1123 sunt
737 1049 912 1124 beneficia
934 1053 1046 1149 magis
1071 1053 1333 1127 conferentium

222 1191 331 1264 quam
353 1167 572 1263 petentium.
613 1165 696 1238 «Ut
727 1169 882 1241 lasenses
905 1190 1048 1263 quoque
1078 1168 1202 1264 populi
1224 1169 1337 1242 nostri

223 1283 384 1356 studium
403 1288 626 1378 compertum
650 1279 856 1356 habeantet
876 1306 983 1379 quam
999 1307 1164 1379 geramus
1184 1284 1337 1358 benevo-

223 1397 370 1472 lentiam
397 1420 480 1494 erga
506 1398 638 1470 amicos
661 1397 882 1493 temporibus
905 1398 1174 1486 aduersissimis,
1203 1399 1338 1495 placuit

224 1514 306 1610 eligi
333 1514 466 1610 legatos
493 1514 567 1609 qui,
599 1520 786 1610 postquam
816 1518 934 1587 lasum
960 1516 1186 1610 pervenerint
1209 1523 1244 1589 et
1269 1516 1337 1590 hoc

224 1630 407 1705 decretum
419 1628 630 1726 praesidibus
640 1629 861 1704 reddiderint
872 1638 911 1703 et
921 1638 1083 1705 senatum
1094 1631 1340 1728 populumque

227 1746 393 1836 adierint,
416 1745 602 1820 declaratis
625 1745 823 1819 honoribus
847 1749 908 1843 qui
937 1748 1023 1844 ipsis
1041 1749 1172 1823 decreti
1199 1755 1341 1821 suntet

226 1869 398 1936 renovata
420 1862 548 1935 tradita
571 1885 592 1934 a
609 1860 769 1958 patribus
784 1870 908 1936 mutua
928 1865 1095 1951 amicitia,
1114 1865 1263 1939 invitent
1287 1867 1343 1936 la-

227 2002 345 2054 senses
368 1986 407 2052 ut
422 1978 597 2052 retineant
610 2000 688 2051 eam
705 2001 788 2075 erga
802 1978 993 2076 collegium
1013 1980 1237 2054 scenicorum
1253 1980 1343 2052 cari-

230 2104 336 2171 tatem
362 2119 503 2170 necnon
518 2102 670 2190 augeant
686 2095 879 2169 amicitiam
900 2095 1152 2170 convenienter
1171 2095 1344 2171 traditan

233 2209 392 2306 patribus
406 2209 659 2284 benevolentiae
672 2212 739 2305 (l).
760 2239 776 2277 o

281 2332 417 2423 ltaque,
439 2328 477 2398 in
501 2327 646 2423 agendis
663 2325 771 2416 ludis,
791 2327 943 2399 maxime
961 2327 1164 2401 consultum
1180 2329 1343 2402 scenico-

227 2467 311 2516 rum
334 2442 476 2516 honori.
506 2445 547 2513 ln
576 2441 732 2528 Soteris,
762 2464 887 2514 eorum
912 2439 1089 2531 sacerdos,
1120 2443 1221 2516 initio
1247 2442 1342 2515 tituli

229 2582 312 2632 cum
328 2557 500 2632 archonte
517 2557 686 2653 Delphico
701 2565 736 2629 et
751 2555 1105 2631 hieromnemonibus
1120 2556 1341 2645 inscribitur,

229 2675 326 2749 unde
346 2675 387 2747 fit
405 2673 589 2770 probabile
613 2696 696 2748 eum
719 2674 813 2747 inter
837 2672 1007 2746 ludorum
1030 2673 1198 2768 praesides
1222 2674 1344 2747 locum

230 2791 442 2865 obtinuisse.
459 2793 537 2862 Non
558 2790 733 2864 minorem
749 2789 856 2861 luisse
871 2789 947 2884 ejus
962 2788 1135 2861 rationem
1150 2788 1187 2860 in
1202 2791 1343 2863 lllusaeis

229 2905 507 3003 Thespiensibus
529 2904 632 2979 docet
653 2903 790 2994 titulus,
812 2904 868 2977 his
887 2904 1084 2976 novissimis
1103 2905 1206 2978 annis
1225 2928 1344 3002 reper-

230 3031 300 3098 tus.
329 3025 440 3120 Cujus
461 3023 619 3112 initium,
644 3021 814 3118 quoniam
838 3019 874 3093 id
892 3019 993 3092 aliter
1011 3028 1117 3116 atque
1137 3021 1264 3112 editor,
1286 3022 1344 3094 in-

231 3139 464 3237 telligendum
479 3146 581 3235 puto,
604 3137 834 3211 emendatum
852 3143 1009 3230 repetam
1025 3134 1090 3234 (2).

288 3286 303 3324 o
324 3260 475 3330 Xenone
489 3253 672 3342 archonte,
693 3252 905 3349 agonotheta
924 3253 1054 3324 iterum
1075 3252 1251 3327 Cleaeneto
1269 3253 1345 3327 Da-

232 3374 273 3448 sii
294 3372 382 3458 lilio,
403 3371 582 3445 sacerdote
602 3374 783 3445 Musarum
807 3366 1027 3464 Polycratida
1049 3369 1227 3465 Eupba'ini
1247 3369 1340 3461 filie,

232 3489 410 3564 artificum
428 3511 509 3562 vero
527 3487 666 3584 Argivo,
689 3485 803 3559 scriba
818 3483 1047 3580 Amphiclida
1064 3484 1234 3560 Cleaeneti
1253 3487 1342 3576 lilio,

236 3605 438 3702 pyrophoro
451 3604 629 3676 Cleaeneto
650 3602 744 3675 Dasii
759 3601 847 3688 filio,
865 3599 919 3672 illi
934 3601 971 3672 in
981 3603 1121 3675 llusaeis
1137 3603 1341 3676 vicerunt.»

236 3722 303 3794 Hic
327 3722 423 3793 enim
448 3706 601 3794 duorum
627 3718 851 3791 sacerdotum
876 3717 1011 3789 mentio
1037 3718 1128 3790 lacta
1152 3726 1225 3790 est:
1254 3743 1346 3790 unus

233 3840 414 3910 Musarum
433 3843 498 3924 est,
520 3831 770 3930 Polycratidas,
796 3832 1039 3928 Thespiensis3
1061 3831 1150 3905 alter
1168 3833 1344 3905 artificum

234 3955 352 4025 nescio
374 3953 475 4048 cujus
491 3950 643 4045 collegii,
661 3949 822 4046 Argivus.
847 3949 997 4021 Athenis
1015 3950 1206 4022 memoravi
1221 3952 1346 4046 praeci·

237 4092 345 4164 puam
364 4068 472 4139 luisse
494 4066 613 4140 sedem
632 4064 822 4140 sacerdotis
839 4063 969 4136 Bacchi
990 4063 1266 4151 Eleutherensis‚
1283 4066 1347 4161 qui

233 4183 378 4281 quidem
401 4183 564 4280 publicus
580 4181 740 4269 civitatis,
758 4204 830 4254 non
846 4179 1023 4252 artificum
1040 4179 1122 4266 luit;
1152 4179 1348 4275 imperato-

233 4323 314 4373 rum
333 4298 439 4373 modo
459 4306 560 4372 aetate
578 4304 715 4370 constat
737 4296 866 4393 positas
884 4295 991 4368 luisse
1010 4295 1172 4390 proprias
1192 4297 1348 4370 scenico·

274 4582 318 4664 (l)
340 4585 380 4643 Le
395 4580 455 4642 Bas
469 4586 502 4642 et
511 4580 736 4661 Waddingt0n‚
750 4577 842 4640 lusor.
854 4577 1108 4652 d'Asie·rllmeurc‚
1124 4581 1176 4639 ⁶281
1186 4625 1193 4652 ,
1205 4577 1227 4638 l.
1240 4581 1346 4642 att-35.

278 4678 320 4758 (ᾖ)
342 4676 527 4753 Decharme,
545 4675 736 4756 loscrcprrttbus
749 4673 867 4735 ine'dt'tes
879 4672 913 4733 de
923 4673 952 4732 lu
964 4672 1078 4745 Bautis,
1092 4676 1142 4733 26.

1192 4772 1209 4826 l
