3736 5784
766 711 936 768 ...73-

301 846 420 921 nensis
443 843 509 944 (1).
529 848 606 930 Quo
625 842 788 939 exemplo
808 842 958 916 dubium
973 863 1080 914 omne
1097 839 1246 914 tollitur.·
1275 844 1410 937 Nempe

299 962 394 1036 idem
410 967 461 1036 est
474 966 571 1034 actor
582 960 708 1034 veteris
723 957 907 1033 comoediae
930 962 963 1030 et
979 959 1160 1030 comoedus
1167 982 1177 1045 ;
1205 957 1299 1030 idem
1315 965 1412 1031 actor

299 1077 424 1152 ueteris
436 1077 613 1172 tragoediae
629 1083 663 1148 et
676 1075 865 1171 tragoedus.
883 1074 974 1146 Hinc
985 1095 1127 1169 quoque
1142 1079 1286 1168 apparet
1305 1096 1411 1146 noras

300 1192 470 1289 appellari
489 1190 627 1264 fabulas
647 1214 728 1296 quae
742 1213 926 1286 nunquam
941 1245 949 1276 ,
965 1196 1113 1280 veteres,
1133 1189 1298 1285 quaejam
1313 1191 1411 1285 prius

301 1317 388 1382 actae
408 1308 479 1380 sint
488 1334 496 1397 ;
516 1331 582 1382 nec
597 1308 716 1380 miuus
730 1307 959 1404 perspicuum
972 1307 1147 1400 tragoedos
1162 1305 1412 1402 comoedosque

301 1432 474 1512 actorum,
492 1447 565 1498 non
579 1431 763 1520 poetarum
777 1445 925 1496 numero
941 1420 1192 1496 adscribendos
1207 1445 1294 1497 esse.

348 1543 398 1613 De
413 1539 658 1613 distributione
673 1539 829 1635 partium
844 1539 936 1638 inter
951 1546 1086 1612 actores
1097 1537 1252 1610 multum
1268 1562 1411 1636 quoque

300 1666 334 1732 et
365 1658 491 1730 acriter
514 1681 535 1730 a
560 1640 815 1730 recentioribus
844 1656 1062 1750 disputatum
1091 1661 1155 1743 est,
1188 1678 1301 1751 quum
1328 1656 1413 1729 hinc
1448 1648 1451 1658 ’

300 1777 486 1871 scriptores
509 1774 646 1870 antiqui
672 1781 743 1846 tres
768 1773 916 1846 omnino
940 1772 1046 1845 tuisse
1067 1771 1290 1860 tradiderint,
1313 1771 1414 1845 illinc

301 1890 485 1967 nonnulla
501 1889 629 1964 fabulae
645 1914 666 1964 a
684 1890 796 1964 tribus
815 1889 934 1986 peragi
948 1911 1021 1960 non
1041 1889 1195 1984 potuisse
1216 1887 1411 1962 videantur.

302 2012 420 2095 Quum
442 2031 524 2082 vero
543 2013 677 2081 actores
695 2029 768 2080 non
794 2006 942 2078 vestium
963 2003 1068 2077 modo
1084 2005 1144 2078 sed
1161 2005 1268 2078 etiam
1290 2011 1414 2077 cantus

303 2122 434 2222 (neque
456 2122 552 2196 enim
568 2123 705 2196 recitari
727 2122 789 2194 sed
807 2120 1030 2216 aliquatenus
1050 2120 1129 2192 cani
1147 2121 1333 2216 tragoedias
1358 2144 1414 2194 so·
1518 2174 1519 2180 η

303 2239 382 2312 litas
394 2237 501 2312 fuisse
516 2243 641 2310 uotum
661 2236 725 2335 est)
747 2242 843 2310 certo
859 2236 1062 2320 discrimine
1079 2235 1271 2324 differrent,
1287 2259 1414 2309 nouam

283 2436 284 2440 Ἰ
303 2355 625 2451 interpretationem
645 2353 762 2426 attulit
784 2355 836 2426 vir
855 2353 1057 2448 ingeniosus
1075 2359 1109 2424 et
1130 2353 1296 2448 speciosis
1312 2376 1415 2449 argu-

304 2471 433 2543 mentis
450 2469 683 2543 confirmavit.
701 2469 835 2565 Nempe
856 2468 1017 2541 evincere
1032 2477 1180 2542 conatus
1195 2476 1246 2541 est
1265 2470 1411 2565 primas,

302 2587 486 2676 secundas,
510 2587 628 2659 tertias
642 2594 758 2682 partes
774 2608 847 2658 non
867 2585 911 2658 ad
924 2607 1110 2681 personam
1126 2607 1234 2680 quam
1253 2584 1416 2658 tuebatur

304 2703 438 2790 artiserr,
458 2703 519 2775 sed
546 2702 590 2776 ad
615 2718 739 2776 cantus
764 2701 911 2775 modum
927 2724 998 2796 quo
1015 2700 1196 2789 utebatur,
1212 2701 1415 2776 referendas

303 2842 391 2908 esse,
414 2819 462 2892 ita
481 2827 520 2891 ut
535 2818 571 2889 in
592 2841 664 2890 una
678 2817 799 2890 sabula
812 2816 932 2913 plures
947 2817 1158 2912 primarum,
1177 2817 1415 2890 secundarum

304 2942 365 3009 aut
383 2935 568 3009 tertiarum
584 2935 738 3031 partium
753 2939 888 3006 actores
902 2955 975 3007 esse
989 2940 1132 3028 possent
1151 2930 1215 3032 (ἓ).
1235 2934 1327 3006 Huic
1341 2935 1417 3029 opi-

305 3053 404 3125 nioni
416 3057 614 3148 repugnant
629 3049 810 3145 Delphicae
821 3048 950 3122 tabulae
963 3049 1000 3120 in
1014 3047 1144 3145 quibus
1156 3049 1278 3145 viginti
1294 3072 1416 3145 greges

304 3168 427 3265 tragici
452 3173 486 3241 et
508 3167 635 3241 comici
658 3165 914 3255 inscribuntur,
937 3165 1013 3239 etii
1038 3170 1239 3238 constanter
1262 3189 1282 3240 e
1303 3164 1417 3238 tribus

304 3281 480 3356 actoribus
502 3283 699 3379 compositi.
722 3287 762 3354 ln
785 3305 857 3355 uno
882 3282 1015 3355 comico
1040 3305 1099 3354 sex
1121 3281 1268 3377 quidem
1294 3283 1414 3356 nomi-

305 3405 450 3490 nantur,
475 3398 535 3473 sed
557 3400 593 3472 in
609 3422 650 3473 eo
676 3398 778 3473 facile
803 3396 939 3494 aliquid
962 3389 1208 3493 perturbatum
1229 3398 1335 3472 foisse
1358 3406 1418 3473 aut

282 3584 285 3592 ,
304 3517 421 3612 potius
437 3516 609 3589 omissum
624 3535 791 3613 agnoscas
809 3513 873 3613 (3).
891 3517 1041 3609 Nempe,
1058 3515 1119 3609 qui
1132 3522 1278 3610 quartus
1294 3515 1417 3589 inscri-

306 3631 414 3723 bitur,
434 3632 463 3704 is
477 3633 515 3704 in
534 3631 712 3727 prioribus
726 3629 821 3704 ludis
834 3631 965 3727 primas
980 3637 1117 3726 partcs;
1136 3631 1197 3726 qui
1213 3632 1371 3726 quintus,
1387 3633 1416 3706 is

304 3771 387 3822 oum
409 3749 520 3845 priori
545 3748 720 3821 secundas
743 3748 832 3844 egit;
863 3754 1033 3843 praeterea
1058 3746 1096 3818 in
1123 3747 1195 3820 fine
1222 3748 1417 3822 omissaest

304 3864 438 3936 mentio
454 3863 609 3959 magistri
626 3869 660 3934 et
679 3860 847 3934 tibicinis.
866 3861 917 3932 Ex
934 3884 1005 3958 quo
1022 3860 1060 3934 fit
1081 3861 1310 3935 manifestum
1324 3863 1418 3940 inter

305 3981 448 4053 tertium
472 3985 506 4053 et
536 3985 701 4074 quartum
727 3977 896 4054 excidisse
915 3978 1123 4075 magistrum
1151 3986 1185 4052 et
1216 3978 1413 4070 tibicinem,

305 4119 371 4170 nec
385 4118 499 4169 unum
515 4092 576 4167 sed
589 4095 678 4168 duos
693 4119 814 4192 greges
827 4095 947 4168 fuisse.
966 4094 1028 4167 His
1044 4095 1213 4191 exemplis
1226 4094 1413 4182 adductus,

304 4213 349 4286 ad
363 4235 404 4287 ea
422 4235 501 4309 quae
519 4210 742 4286 tradiderunt
758 4211 894 4307 antiqui
912 4217 1078 4300 revertar,
1098 4210 1232 4286 scilicet
1251 4218 1322 4286 tres
1339 4221 1418 4286 tan-

345 4425 385 4506 (t)
409 4425 592 4499 Decharme,
610 4423 801 4504 [ascriptione
817 4423 851 4485 de
866 4424 895 4484 lo
909 4425 1020 4500 Be'otie,
1036 4427 1086 4500 26,
1101 4422 1124 4486 l.
1139 4427 1243 4486 31-32.

305 4630 322 4671 a
347 4517 388 4599 (2)
399 4508 595 4671 libioildestmd
614 4520 662 4578 Du
680 4517 780 4591 Me'ril,
796 4517 931 4580 Histoire
949 4517 983 4578 de
998 4517 1025 4578 lo
1039 4517 1165 4579 remedie
1178 4518 1323 4595 camenae,
1346 4525 1369 4583 t.
1390 4523 1414 4595 1,

321 4630 398 4692 PP‘m
422 4656 429 4672 ·
469 4655 477 4670 ·

347 4703 387 4788 (3)
408 4704 610 4783 Inscriptions
625 4704 757 4766 inedites
772 4705 810 4766 de
824 4705 970 4784 Delphes,
986 4707 1023 4778 V,
1040 4707 1138 4766 art-rr·
