3736 5784
763 710 920 770 ..53-

281 840 395 925 dium,
417 862 529 934 quum
552 839 769 913 Macedoniae
790 843 965 938 Cypriqne
981 862 1079 935 reges
1095 845 1129 912 ot
1143 839 1394 912 Thessalorum

279 956 419 1049 tyranni
435 957 637 1029 Graecarum
654 957 783 1029 artium
807 957 995 1053 splendore
1017 955 1196 1030 nobilitari
1215 954 1343 1028 vellent
1361 963 1397 1028 et

280 1069 439 1144 latiorem
450 1071 555 1144 etiam
569 1095 736 1167 campum
751 1073 927 1146 artificum
941 1072 1127 1156 industriae
1137 1095 1233 1144 arma
1246 1071 1397 1144 Alexan-

280 1186 335 1258 dri
349 1187 584 1283 aperuissent.
599 1187 707 1260 Nulla
723 1212 797 1261 non
815 1189 935 1262 civitas
948 1189 1130 1262 theatrum
1145 1211 1249 1260 suum
1265 1189 1396 1260 exstrui

282 1303 425 1398 cupivit,
446 1311 483 1375 ut
503 1303 610 1398 pau'lo
629 1303 722 1376 inira
742 1305 778 1376 in
800 1304 926 1379 insulis
935 1307 1044 1401 AEgaei
1065 1305 1171 1376 maris
1185 1303 1393 1378 videbimus.

283 1417 324 1489 ln
342 1419 425 1491 Asia
442 1442 536 1508 vero,
559 1442 632 1492 non
650 1418 731 1492 dico
754 1421 790 1491 in
813 1421 923 1523 lonia,
946 1420 1061 1494 AEolia
1083 1427 1145 1493 aut
1166 1421 1280 1508 Caria,
1298 1421 1397 1516 Jam-

282 1533 418 1606 dudum
437 1535 482 1607 ad
498 1558 556 1608 eas
572 1542 663 1608 artes
679 1535 829 1610 coloniis
843 1536 967 1633 graecis
984 1537 1173 1625 conversis,
1196 1538 1256 1609 sed
1276 1536 1312 1607 in
1329 1536 1399 1631 Ly-

281 1650 334 1722 cia
354 1657 388 1722 et
407 1649 626 1747 Pamphylia,
642 1649 766 1724 effossa
786 1650 1003 1725 theatrorum
1023 1651 1153 1724 rudera
1168 1650 1319 1741 Alindae,
1332 1655 1396 1724 Pa-

281 1771 379 1850 tarae,
392 1763 526 1836 Xanthi
546 1761 696 1858 aliisque
716 1764 752 1835 in
767 1761 915 1837 urbibus
934 1787 1007 1837 non
1028 1765 1077 1837 ita
1092 1764 1285 1838 nobilibus.
1304 1765 1397 1850 Quid

281 1880 318 1950 in
333 1879 431 1952 novis
448 1879 555 1975 Syriae
570 1880 781 1975 AEgyptique
797 1881 913 1977 regnis
927 1904 1082 1977 quorum
1098 1879 1249 1970 domini,
1265 1883 1396 1954 Graecae

280 1993 427 2089 originis
446 2016 635 2081 memores,
653 1999 809 2066 veterem
824 1993 997 2068 Graeciam
1013 2016 1155 2091 aequare
1171 2001 1277 2090 atque
1291 1995 1397 2068 etiam

282 2132 449 2205 superare
473 2108 738 2206 magnificentia
759 2106 927 2183 ludorum
945 2118 980 2184 et
998 2117 1231 2206 apparatuum
1248 2111 1397 2206 sumpti-

282 2224 349 2298 bus
368 2224 605 2300 studuerunt?

333 2345 467 2416 Etanta
483 2343 719 2416 certaminum
741 2344 959 2415 musicorum
975 2342 1175 2437 frequentia
1192 2342 1275 2414 satis
1288 2364 1396 2438 appa-

282 2465 336 2530 ret
354 2464 488 2553 quanta
508 2460 730 2532 scenicorum
748 2458 980 2553 collegiorum
1000 2479 1108 2552 opera
1125 2480 1201 2529 esse
1218 2456 1395 2530 debuerit.

282 2574 367 2658 Quis
399 2573 508 2646 tuerit
535 2574 713 2648 artificum
741 2597 912 2647 numerus
939 2578 1093 2645 statuere
1119 2596 1191 2646 non
1216 2573 1311 2661 licet,
1336 2574 1397 2646 sed

284 2695 422 2763 tantum
437 2714 457 2763 e
471 2691 594 2787 paucis
606 2689 831 2764 documentis
848 2691 1089 2786 conjecturam
1104 2688 1231 2762 lacere.
1248 2689 1399 2762 Alexan·

282 2803 336 2877 dri
353 2812 525 2902 tempore,
542 2808 608 2879 tria
627 2806 742 2880 millia
758 2805 989 2879 artificumiu
1009 2812 1183 2878 extremos
1199 2805 1290 2878 hsiae
1307 2805 1399 2878 fines

282 2943 356 2994 sese
376 2921 607 2994 contulerunt
623 2920 694 3018 (l);
726 2921 961 3009 Alexandriae,
984 2919 1022 2991 in
1051 2942 1123 2992 una
1148 2942 1279 3016 pompa
1308 2923 1398 3015 regis

281 3036 479 3124 Ptolemaei,
502 3037 707 3125 citharista,
730 3058 885 3132 quorum
903 3024 1061 3108 solorum
1084 3033 1235 3107 traditus
1258 3042 1311 3107 est
1330 3059 1397 3106 nu-

282 3175 411 3242 merus,
424 3153 631 3226 cecinerunt
651 3153 796 3226 trecenti
811 3153 872 3248 (h).
892 3151 983 3224 Hinc
999 3150 1152 3223 aestimes
1169 3171 1276 3244 qrram
1294 3149 1396 3220 multi

282 3269 320 3340 in
341 3291 412 3341 uno
436 3267 585 3364 collegio
608 3268 714 3341 simul
736 3268 860 3340 versati
883 3267 965 3338 sint.
989 3267 1090 3339 Certe
1113 3266 1258 3351 scimus,
1283 3286 1396 3360 quum

281 3385 405 3457 Teium
439 3383 631 3480 collegium
660 3382 844 3456 Lebedum
872 3381 1130 3477 commigravit,
1163 3379 1396 3452 libentissime

180 3533 182 3539 ·
282 3500 439 3574 scenicos
459 3523 480 3572 a
498 3498 662 3572 Lebediis
676 3504 838 3594 acceptos
856 3498 977 3585 luisse,
1000 3496 1090 3569 laetis
1109 3495 1206 3593 quod
1226 3495 1307 3569 urbi
1323 3519 1396 3569 suae

282 3613 481 3688 incolarum
504 3614 746 3710 infrequentia
771 3613 956 3710 languenti
982 3613 1078 3686 haud
1098 3635 1205 3708 parva
1222 3612 1322 3686 fieret
1339 3635 1397 3685 ac-

282 3732 391 3804 cessio
410 3729 476 3829 (3).

333 3846 509 3920 Plurimos
528 3847 566 3919 in
582 3869 798 3943 unoquoque
818 3844 967 3940 collegio
987 3845 1104 3916 omnis
1120 3843 1259 3939 generis
1281 3842 1398 3915 sceni-

282 3986 340 4036 cos
358 3963 464 4037 luisse
480 3963 651 4059 oportuit,
667 3962 729 4058 qui
745 3970 816 4034 tam
838 3959 1033 4032 multarum
1050 3957 1194 4032 urbium
1213 3958 1307 4032 ludis
1325 3959 1399 4031 sul·

281 4079 437 4154 ficerent.
458 4078 620 4151 Primum
645 4079 741 4151 enim
764 4078 802 4150 in
824 4100 900 4164 sua,
924 4082 963 4148 ut
981 4077 1029 4166 ita
1055 4075 1184 4163 dicam,
1202 4075 1396 4169 provincia,

282 4194 472 4292 collegium
496 4195 636 4282 Teium,
665 4195 735 4266 sive
758 4215 802 4273 ex,
824 4191 970 4264 arbitrio
992 4213 1056 4264 suo
1081 4190 1151 4262 sive
1174 4198 1328 4287 epacto,
1354 4190 1399 4263 ad

284 4311 487 4408 peragenda
500 4312 537 4383 in
557 4308 756 4383 civitatibus
778 4308 943 4404 Dionysia
962 4313 1024 4380 aut
1040 4306 1109 4379 alia
1128 4305 1228 4394 festa,
1246 4305 1398 4379 artifices

324 4600 364 4680 (t)
389 4597 556 4668 Plutarch,
575 4595 739 4671 allemand„
756 4601 806 4657 72.
819 4627 860 4642 -
872 4593 913 4676 (2)
931 4592 1112 4667 AthenaeuS,
1127 4594 1164 4668 V,
1181 4591 1233 4653 ch.
1249 4594 1297 4654 [ll.

325 4694 367 4773 (3)
389 4691 513 4768 Strabo,
528 4693 608 4766 xiv,
624 4708 645 4764 1,
657 4695 707 4752 29.
783 4689 785 4696 “
