3736 5784
810 701 848 716 -
870 670 928 731 103
948 701 989 713 ·-

340 805 454 880 multa
492 811 527 878 et
558 805 654 901 uaria
686 787 760 901 per.
786 797 903 878 totnm'
934 803 1060 878 orbem
1091 802 1269 877 artificum
1310 805 1452 878 itinera.

311 971 312 982 ,
347 925 533 996 «Senatus
554 920 779 1018 populusque
802 907 989 995 honoravit
1011 920 1184 995 ¹Flavium
1211 920 1455 995 Alexandrum

341 1038 462 1136 Zeilan
482 1036 794 1127 Nicomedensem,
815 1035 997 1133 hiologum
1017 1034 1129 1134 (quod
1145 1035 1331 1112 comedia
1346 1059 1457 1134 genus
1542 1055 1545 1059 ’

343 1155 424 1251 luit)
435 1155 650 1244 Asionicam,
667 1160 702 1226 et
716 1160 860 1250 propter
874 1155 990 1250 operis
1008 1153 1255 1228 excellentiam
1269 1163 1303 1230 et
1314 1177 1456 1228 morum

340 1267 568 1367 probitatem,
593 1269 657 1365 qui
675 1267 758 1341 vicit
777 1270 813 1338 in
837 1268 920 1340 Asia
941 1267 1195 1341 certaminibus
1224 1267 1392 1355 sedecim,
1417 1270 1455 1342 in

340 1387 446 1483 Lycia
471 1391 505 1459 et
524 1384 744 1481 Pamphylia,
771 1408 830 1457 sex
852 1391 887 1458 et
908 1386 1043 1482 viginti,-
1065 1384 1205 1459 consilii
1228 1386 1458 1459 Antiochien·

340 1503 431 1577 sium
451 1508 486 1576 et
504 1501 815 1592 Heracleensium,
832 1508 982 1582 senatus
1001 1525 1084 1575 vero
1107 1501 1325 1576 Milesiorum
1346 1503 1455 1600 parti·

262 1627 266 1634 '
338 1620 455 1717 cipem
474 1616 582 1718 (1).»

387 1737 494 1810 Plura
513 1735 619 1810 etiam
647 1735 805 1809 invenias
829 1735 868 1807 in
901 1734 1005 1809 titulo
1038 1738 1220 1832 Smyrnaeo
1244 1735 1284 1809 C.
1310 1738 1457 1811 Antonii

337 1853 506 1951 Septimi,
544 1853 628 1925 civis
664 1852 895 1949 Pergameni,
929 1851 1122 1954 Smyrnaei,
1154 1852 1379 1927 Atheniensis
1423 1861 1457 1928 et

234 2059 236 2065 Ι
338 1970 496 2066 Ephesii,
518 1969 620 2066 cujus
645 1969 812 2064 magister
836 1968 911 2063 ipse
942 1965 1055 2040 tribus
1083 1991 1229 2066 quoque
1257 1969 1455 2046 civitatibus

337 2086 536 2184 adscriptus
557 2085 636 2172 tuit,
664 2084 778 2158 autin
795 2083 968 2181 Delphico
983 2084 1119 2181 pythici
1138 2093 1173 2159 et
1194 2086 1319 2182 cyclici
1339 2087 1455 2164 tibici-

337 2204 407 2291 nis,
429 2208 565 2299 septem
585 2202 785 2277 civitatibus
805 2200 971 2298 adscripti
990 2199 1056 2301 (2).

387 2321 537 2408 Horum,
560 2319 731 2415 quoniam
742 2316 959 2414 yamdudum
974 2318 1221 2408 innotuerunt,
1237 2320 1456 2393 mentionem

236 2509 240 2518 ,
338 2436 463 2510 iecisse
492 2438 575 2510 satis
607 2435 690 2526 erit,
720 2433 824 2526 illud,
855 2435 976 2507 minus
991 2441 1136 2522 notum,
1164 2434 1453 2531 pleniusallero:

342 2582 358 2618 ι(
388 2551 551 2627 Valerius
571 2550 747 2638 Eclectus,
772 2551 978 2647 Sinopensis
1004 2557 1147 2624 senator
1172 2558 1207 2624 et
1227 2552 1456 2626 Atheniensis

338 2674 373 2742 et
393 2666 554 2765 Delphus
568 2674 710 2741 senator
731 2673 765 2741 et
783 2666 890 2741 Eleus
908 2675 943 2741 et
962 2667 1154 2741 Sardianus
1174 2677 1318 2744 senator
1331 2671 1457 2742 etPer·

337 2809 434 2883 gaeus
453 2791 594 2859 senator
615 2790 649 2858 et
663 2785 854 2858 Nicaeensis
871 2789 1013 2857 senator
1037 2789 1073 2856 et
1090 2784 1240 2858 aliarum
1261 2787 1457 2862 multarum

338 2903 518 2977 civitatum
539 2901 624 2975 civis
641 2906 674 2975 et
694 2905 848 2987 senator,
872 2921 990 2995 praeco
1008 2899 1062 2973 bis
1085 2901 1328 2996 periodonica,
1345 2903 1458 2977 victor

336 3021 375 3094 in
411 3019 517 3092 sacris
545 3015 798 3092 certaminibus
827 3016 1058 3090 monmenicis
1090 3038 1170 3112 quae
1204 3017 1294 3092 inira
1327 3020 1458 3116 scripta

337 3141 451 3208 sunt:
475 3134 639 3231 Olympia
664 3133 754 3206 Pisae
775 3131 848 3219 bis;
877 3132 1001 3228 Pythia
1025 3130 1185 3228 Delphis,
1215 3132 1286 3222 bis;
1311 3138 1454 3227 Nemea,

337 3251 451 3349 Argis,
470 3258 522 3324 ter
533 3277 542 3339 ;
564 3251 722 3337 Isthmia,
747 3255 885 3346 quater.
902 3278 919 3314 a
938 3251 1028 3321 Turn
1048 3255 1376 3325 commemorantur
1394 3276 1455 3327 oc·

337 3368 470 3465 toginta
502 3367 678 3455 victoriae;
710 3364 781 3438 illae
809 3371 892 3438 sunt
913 3364 1021 3438 urbes
1046 3389 1134 3463 quas
1149 3367 1263 3472 adiit:
1287 3370 1449 3460 Athenae,

311 3524 314 3532 ,
341 3481 465 3570 Roma,
492 3482 643 3570 Puteoli,
672 3480 848 3579 Neapolis,
867 3481 1061 3576 Nicopolis,
1080 3482 1291 3580 Epidaurus,
1309 3486 1455 3580 Thebae,

340 3597 525 3688 Lebadea,
552 3598 740 3700 Berrhuea,
772 3596 1067 3693 Philippopolis,
1085 3598 1316 3694 Byzantium,
1345 3603 1457 3678 Nico-

340 3714 470 3804 media,
493 3715 623 3805 Nicaea,
648 3715 786 3801 Sardes,
808 3711 955 3802 Tralles,
984 3713 1157 3808 Ephesus,
1184 3718 1347 3812 Smyrna,
1369 3721 1455 3792 Per-

336 3853 495 3928 gamum,
517 3831 674 3925 Cyzicus,
699 3827 853 3917 Miletus,
880 3827 1090 3924 Hierapolis,
1105 3832 1228 3926 Tyrus,
1249 3835 1454 3927 Damascus,

336 3945 459 4036 Sidon,
490 3945 733 4040 Aphrodisias.
766 3949 995 4019 Evanuerunt
1024 3947 1294 4041 quatuordecim
1320 3974 1453 4028 versus.

338 4061 444 4136 Hunc
471 4061 569 4136 vides
597 4068 712 4135 totum
740 4061 863 4135 orbem
892 4061 936 4137 ab
969 4062 1064 4136 ltalia
1102 4087 1215 4161 usque
1242 4064 1287 4138 ad
1313 4066 1452 4164 Syriam

335 4179 492 4252 victoriis
513 4180 585 4251 suis
600 4177 851 4276 perlustrasse;
870 4202 1055 4276 quumque
1078 4181 1115 4251 in
1142 4181 1328 4277 nonnullis
1352 4185 1455 4260 urbi-

336 4293 403 4368 bus
423 4302 549 4393 quater
571 4296 706 4386 vicerit,
732 4301 826 4393 patet
846 4320 930 4370 eum
959 4319 1031 4369 non
1054 4295 1164 4370 semel
1195 4303 1291 4372 tanta
1326 4301 1455 4379 itinera

376 4573 419 4657 (1)
439 4575 481 4638 Le
495 4576 555 4636 Bas
569 4581 600 4636 et
614 4573 840 4653 Waddington,
855 4571 947 4635 laser.
964 4570 1230 4655 &Arte-Minna,
1247 4581 1324 4642 1652
1340 4580 1366 4642 1.

377 4667 420 4750 (2)
443 4667 555 4748 Corpus
569 4669 657 4730 inser.
673 4688 731 4749 qr,
748 4671 826 4732 3208
841 4665 873 4730 ct
887 4670 985 4744 1720,
1003 4668 1040 4730 cf.
1055 4671 1145 4734 1119.
