3736 5784
788 666 947 724 ..79-

313 816 386 890 quo
405 793 442 864 in
461 790 556 866 ludis
569 797 710 880 ornatu,
728 793 903 889 remigum
923 796 997 864 erat
1016 790 1176 864 hortator
1191 788 1256 888 (l).
1274 794 1346 864 Nec
1360 792 1428 864 mi-

312 932 401 982 nora
423 907 645 982 scenicorum
670 913 706 980 et
730 915 914 1004 poetarum
941 905 1057 980 studia
1079 929 1161 1004 erga
1183 905 1424 1004 Lysandrum

311 1024 521 1098 Aristonous
539 1023 647 1097 etiam
666 1024 895 1114 citharedus,
913 1024 1024 1098 sexies
1046 1024 1185 1119 Pythiis
1198 1024 1321 1111 victor,
1341 1021 1427 1118 pol-

313 1139 431 1213 licitus
455 1147 519 1229 est,
550 1139 579 1212 si
604 1163 728 1213 rursus
749 1141 901 1230 uicisset,
928 1164 964 1214 se
984 1141 1060 1238 ejus
1080 1164 1155 1213 esse
1175 1140 1428 1236 pronuntiatu-

312 1279 393 1330 rum
411 1254 477 1354 (Ξ).
501 1260 722 1352 lmprospere
743 1257 888 1353 quidem
908 1263 994 1329 tunc
1009 1257 1070 1331 ille
1090 1263 1271 1353 exceptus,
1289 1254 1350 1329 sed
1367 1255 1427 1329 alii

314 1372 566 1447 blanditiarum
584 1373 738 1469 pretium
759 1373 931 1448 tulerunt.

361 1492 439 1575 Qua
457 1489 720 1585 opportunitate
734 1491 824 1564 mire
842 1514 928 1564 usus
946 1496 998 1564 est
1014 1491 1213 1587 Philippus,
1230 1496 1265 1564 et
1284 1513 1349 1587 pro
1368 1490 1426 1561 in·

311 1607 415 1704 genio
435 1614 469 1680 et
496 1628 561 1701 pro
582 1606 729 1696 ratione,
752 1607 994 1703 scenicosque,
1017 1606 1239 1703 voluptatum
1258 1612 1293 1680 et
1312 1605 1427 1681 dorni-

313 1723 468 1796 nationis
488 1722 734 1812 instrumenta,
753 1721 820 1796 sibi
836 1722 1002 1797 devinxit.
1025 1722 1175 1798 Foedum
1196 1746 1280 1798 sane
1303 1728 1337 1795 et
1360 1722 1430 1797 de-

313 1838 426 1912 lorme
445 1837 698 1940 'spectaculum
726 1837 888 1912 exhibuit
915 1862 1111 1913 concursus
1137 1839 1199 1912 ille
1229 1862 1428 1937 gracorum

313 1942 490 2030 artificum
504 1955 550 2030 ad
561 1978 621 2029 eos
640 1954 745 2028 ludos
764 1977 868 2052 quos,
882 1962 1027 2052 propter
1040 1979 1198 2031 eversam
1215 1956 1424 2053 Olynthum,

314 2070 498 2168 Philippus
526 2071 690 2167 espoliis
717 2073 849 2144 Graecae
881 2072 1031 2146 civitatis
1057 2072 1258 2147 celebravit.
1285 2101 1300 2139 α
1319 2076 1429 2168 Capta

314 2190 410 2264 enirn
430 2188 597 2284 Olyntho,
616 2187 804 2284 Philippus
818 2189 981 2286 Olympia
999 2189 1095 2282 lecit,
1117 2190 1245 2264 adhoc
1265 2213 1344 2264 vero
1359 2189 1429 2262 les-

314 2314 390 2382 tum
419 2311 453 2378 et
476 2303 716 2378 celebritatem
744 2327 867 2378 omnes
898 2306 1051 2380 artifices
1075 2306 1316 2404 congregavit,
1346 2305 1427 2378 illos

313 2444 461 2518 pascens
478 2428 512 2494 et
530 2421 678 2502 victores
698 2444 871 2495 coronans
885 2420 950 2519 (3).
965 2452 980 2490 a
1004 2423 1068 2511 lta,
1092 2447 1205 2520 quum
1230 2445 1304 2496 non
1319 2422 1428 2495 Athe-

313 2539 454 2612 nienses
471 2536 588 2611 solnm
604 2536 664 2610 sed
681 2537 834 2611 universi
849 2538 955 2612 etiarn
971 2538 1084 2612 Graeci
1099 2536 1254 2613 dirutam
1272 2539 1428 2612 funditus

314 2653 473 2729 nobilem
488 2653 676 2744 civitatem,
696 2660 813 2750 raptas
830 2655 867 2726 in
887 2655 1090 2729 servitutem
1107 2655 1278 2752 ingenuas
1298 2657 1428 2731 mulie·

313 2795 380 2860 res,
406 2772 579 2868 ingenuos
610 2793 739 2866 pueros
768 2771 1052 2867 indignarentur,
1081 2777 1117 2845 et
1143 2795 1334 2848 commune
1360 2774 1429 2848 hoc

314 2888 443 2962 vulnus
472 2887 579 2960 totius
609 2886 754 2960 Graecia
784 2888 1018 2975 estimarent,
1040 2888 1171 2962 scenici
1199 2913 1220 2963 a
1245 2891 1428 2963 communi

315 3003 523 3078 calamitatis
551 3026 658 3076 sensu
683 3005 733 3077 ita
753 3001 1042 3076 abalienaverunt
1067 3006 1205 3079 animos
1229 3016 1268 3080 ut
1293 3007 1428 3080 circum

314 3122 485 3196 rictorem
511 3119 786 3215 frequentissimi
816 3118 1050 3210 continerent,
1077 3121 1261 3219 spoliaque
1292 3124 1428 3197 miserae

315 3238 464 3312 civitatis
483 3242 518 3311 et
532 3236 686 3332 captivos
705 3235 868 3332 largienti
885 3235 1144 3311 blandirentur.
1161 3236 1299 3312 Additae
1314 3241 1431 3313 convi-

314 3356 454 3429 viorum
482 3352 662 3426 illecebrae
692 3350 822 3449 quibus
849 3351 1002 3425 maxime
1028 3343 1195 3427 ¹deditum
1225 3354 1293 3428 hoc
1317 3379 1430 3453 genus

316 3463 520 3539 Aristoteles
534 3462 801 3552 animadvertit,
826 3462 1007 3561 divisaque
1026 3465 1119 3539 inter
1140 3468 1338 3562 potandum
1357 3493 1431 3542 am-

315 3583 473 3680 plissima
490 3604 641 3654 munera
659 3603 813 3677 quorum
833 3581 1038 3654 avidissimi.
1065 3585 1105 3654 ln
1123 3582 1266 3679 quibus,
1289 3587 1430 3680 paucis·

315 3701 395 3774 simi
420 3699 532 3796 Satyri
547 3699 699 3772 comoedi
718 3699 1045 3794 magnanimitatem
1064 3700 1222 3775 aemulati
1240 3709 1322 3775 sunt
1351 3700 1425 3800 (l);

355 4001 397 4085 (t)
421 4000 514 4064 Duris
533 3998 657 4066 Samius
677 3997 762 4080 apud
776 3995 989 4075 Plutarchum,
1007 3995 1118 4075 Arcto,
1144 4001 1198 4077 223
1214 4000 1343 4080 Athen„
1359 4003 1427 4081 Xll,

313 4114 347 4178 p·
357 4102 593 4274 (hlzlutarch,
608 4185 753 4271 Lysone,
769 4189 818 4249 t8.
1377 4265 1379 4268 Ι

360 4287 401 4368 (3)
423 4285 596 4361 Demosth,
615 4283 659 4345 De
679 4279 755 4342 male
769 4287 851 4361 pecta
869 4277 1028 4359 legatione,
1057 4283 1173 4360 192.33
1198 4282 1238 4345 gf·
1261 4283 1425 4366 Diodorus,

316 4383 399 4556 xlll
414 4385 598 4546 llemosth„
622 4468 749 4532 Ibid-
769 4470 870 4541 Quam
891 4474 927 4528 ut
945 4475 1094 4548 augeret,
1116 4471 1237 4532 addidit
1250 4473 1430 4540 scholiastes

320 4586 531 4649 uquanquam
545 4567 605 4628 hoc
626 4583 726 4646 genus
742 4562 877 4624 maxime
892 4563 932 4622 sit
945 4563 1084 4641 proclive
1098 4564 1138 4624 ad
1152 4567 1322 4644 petendum
1340 4577 1372 4632 et
1390 4574 1430 4634 ad

317 4663 546 4746 accipiendum.
560 4683 575 4722 u
595 4659 700 4724 Schol.
716 4657 891 4734 Demosth.‚
905 4676 937 4736 p.
952 4660 1020 4718 37t.
