3420 5604
640 572 798 631 ...95-

118 764 121 769 .
162 704 302 778 addicta
325 711 389 792 est,
416 705 475 777 sed
501 725 624 777 omnes
654 703 760 776 urbes
779 703 921 799 imperii
947 703 1076 792 invisit,
1099 715 1276 802 περιπολισ-

163 828 246 900 τικηῆ
264 818 366 908 Quod
388 820 485 893 haud
511 820 689 893 immerito
709 817 814 916 adjici
834 825 1035 893 monstrant
1053 819 1147 893 tituli
1162 821 1200 893 in
1217 845 1277 894 re-

163 937 329 1036 gionibus
340 937 492 1009 maxime
504 937 648 1010 diversis
664 936 800 1008 inventi
813 960 821 1009 :
834 936 921 1008 hinc
935 936 1153 1026 Pessinunte,
1166 937 1279 1035 Thya·

164 1057 256 1142 tirae,
273 1053 547 1150 Aphrodisiade,
570 1051 671 1125 illinc
683 1052 831 1125 Athenis
846 1059 881 1125 et
900 1044 1079 1126 Nemausi.

212 1169 345 1244 Similis
370 1168 450 1258 luit,
477 1169 534 1240 his
553 1167 786 1265 temporibus,
810 1166 1026 1242 athletarum
1048 1169 1135 1243 ratio
1157 1169 1278 1266 quiex

164 1293 236 1360 toto
256 1285 342 1360 orbe
363 1293 539 1359 terrarum
563 1285 600 1357 in
622 1307 727 1357 unam
753 1282 974 1358 sodalitatem
993 1309 1068 1358 sese
1085 1309 1280 1384 congrega-

164 1410 301 1479 verunt.
320 1406 405 1475 Haec
423 1425 566 1499 quoque
584 1401 782 1498 patrocinio
799 1403 960 1475 Herculis
977 1409 1010 1476 et
1023 1404 1280 1499 imperatorum

166 1545 201 1595 se
224 1543 359 1594 sacram
379 1519 550 1615 predicat
562 1543 570 1605 ;
598 1517 706 1591 simili
725 1516 913 1591 titulorum
931 1518 1023 1592 fastu
1044 1527 1079 1592 et
1102 1525 1279 1617 congesta-

165 1660 245 1709 rum
256 1636 484 1709 victoriarum
498 1634 837 1707 commemoratione
848 1636 977 1730 gaudet
989 1632 1054 1733 (l).
1069 1637 1278 1722 Quinetiam

166 1778 240 1828 sese
256 1752 449 1849 aliquando
470 1751 688 1826 consociasse
703 1750 816 1823 ambae
832 1749 1044 1839 sodalitates,
1064 1759 1208 1849 propter
1223 1778 1280 1827 ra-

170 1872 310 1943 tionum
325 1869 596 1942 similitudinem
613 1875 648 1940 et
663 1867 832 1941 ludorum
846 1870 1150 1959 communionem,
1160 1869 1282 1944 viden-

166 1993 243 2074 tur;
265 1985 417 2059 certain
437 1982 531 2057 tituli
551 1984 730 2081 Ancyrani
751 1983 960 2080 fragmento,
979 1984 1076 2081 quod
1096 1983 1281 2082 descripsit

166 2107 207 2178 G.
225 2105 362 2190 Perrot,
381 2101 476 2176 idem
489 2101 557 2174 fuit
575 2107 744 2197 patronus
763 2107 824 2174 aut
844 2101 1067 2198 magistratus
1085 2103 1226 2199 xysticae
1246 2107 1282 2175 et

169 2219 367 2317 thymelicae
382 2202 508 2316 ¹synodi
525 2215 536 2315 (
563 2216 590 2316 ).

217 2336 321 2411 Haud
340 2359 486 2434 parvum
506 2336 769 2408 incrementum
789 2333 905 2408 attulit
926 2340 1160 2431 utrorumque
1175 2336 1282 2410 rebus

169 2456 427 2551 imperatorum
442 2452 692 2549 patrocinium.
709 2453 816 2525 Vetus
830 2451 898 2524 luit
913 2476 996 2525 sane
1009 2476 1086 2526 mos
1103 2452 1281 2527 artificum

170 2572 312 2669 regibus
330 2570 550 2666 Pergamenis
570 2569 825 2665 AEgyptiisque,
844 2569 994 2641 decretis
1012 2569 1209 2644 honoribus
1230 2570 1283 2644 di-

173 2689 271 2778 vinis,
294 2685 514 2772 assentandi;
537 2683 809 2780 imperatoribus
834 2684 940 2756 ctiam
967 2685 1051 2758 vivis
1074 2687 1131 2759 dei
1152 2709 1282 2762 nomen

67 2862 69 2865 -
171 2805 322 2893 deferre,
342 2805 492 2876 maxime
513 2801 639 2874 usitata
654 2800 691 2871 in
706 2801 787 2873 Asia
799 2801 1005 2897 Graeciaque
1018 2801 1187 2877 adulatio.
1204 2808 1283 2878 Non

59 2963 62 2971 ·
171 2931 304 2997 temere
319 2929 451 3008 tamen,
471 2942 550 3008 nec,
566 2916 635 2990 nisi
656 2923 836 2991 annuente
851 2919 1024 3015 principe,
1048 2919 1148 2994 licuit
1170 2921 1285 3019 impe·

171 3041 345 3114 ratorium
363 3060 493 3110 nomen
514 3034 663 3132 collegio
678 3033 873 3130 prescribi,
896 3037 1162 3135 maximumque
1177 3039 1286 3112 habi-

174 3165 250 3230 tum
287 3157 330 3228 iis
358 3151 577 3249 temporibus
606 3152 676 3224 hoc
707 3150 934 3224 beneficium.
965 3155 1148 3243 Ceterum,
1178 3180 1286 3252 quam

174 3272 346 3346 benevolo
376 3269 509 3343 luerint
537 3268 656 3341 animo
683 3291 765 3364 erga
788 3268 993 3365 hujusmodi
1024 3270 1226 3346 sodalitates
1253 3281 1287 3349 et

175 3390 375 3463 Hadrianus
400 3394 433 3459 et
457 3386 565 3458 ceteri
590 3383 719 3458 deinde
748 3385 939 3482 principes,
970 3388 1144 3463 aestimare
1169 3397 1287 3464 estex

176 3506 331 3603 epistolis
351 3527 438 3601 quas
457 3504 531 3599 ipse
551 3507 587 3574 et
599 3501 801 3573 Antoninus
816 3503 860 3574 ad
880 3502 1055 3598 synodum
1072 3504 1286 3580 athletarum

176 3618 419 3718 scripserunt(
447 3618 472 3716 )

226 3743 266 3810 ln
287 3719 576 3811 administrandis
597 3733 704 3806 rebus
728 3734 812 3822 suis,
828 3736 950 3809 eadem
971 3737 1042 3813 lere
1063 3741 1200 3814 ratione
1217 3766 1288 3837 qua

176 3856 286 3951 priori
296 3861 411 3941 aetate,
429 3853 483 3924 usi
501 3857 584 3924 sunt
598 3850 740 3922 scenici.
758 3849 923 3923 Solennis
936 3853 1050 3928 forma
1066 3858 1288 3932 decretorum

177 3977 212 4042 et
227 3969 352 4056 lerme,
364 3977 409 4041 ut
423 3969 460 4039 in
480 3965 692 4052 civitatibus,
714 3975 896 4063 concepta.
916 3971 1128 4067 Exemplum
1145 3974 1288 4048 afferam

177 4085 400 4158 monumenti
427 4083 523 4180 quod
547 4082 735 4156 consulum
764 4085 984 4177 nominibus,
1014 4113 1108 4165 anno
1136 4098 1203 4166 127
1230 4117 1288 4168 as-

179 4203 391 4300 signandum
407 4209 471 4274 est.
497 4204 723 4273 «Decretum
744 4224 851 4275 sacrae
867 4205 1002 4300 synodi.
1025 4207 1162 4283 Placuit
1182 4235 1289 4286 sacrae

220 4395 262 4476 (l)
284 4394 397 4474 Corpus
409 4393 497 4454 inscr.
512 4412 574 4472 pr„
588 4393 770 4453 asoa-5913.

220 4488 262 4568 (P)
282 4487 485 4567 Exploration
500 4485 742 4565 archeologique
758 4486 841 4546 dela
856 4488 986 4565 Galatia,
1003 4498 1038 4550 n⁰
1052 4496 1099 4554 Pl.

219 4580 257 4661 (3)
282 4584 392 4662 Corpus
406 4582 491 4642 ioacr.
507 4602 568 4661 pr„
584 4584 663 4643 5906
678 4586 709 4641 et
722 4583 810 4642 5907.
