3736 5784
766 727 927 787 ..91-

288 862 384 961 Sylla
402 865 488 934 tunc
508 857 727 932 destructum
743 858 851 932 luisse
873 858 1068 934 admodum
1088 858 1320 956 probabiliter
1341 860 1404 934 de-

290 983 525 1056 monstratum
541 981 593 1048 est
605 975 668 1071 (1).

336 1097 409 1171 Sed
425 1094 577 1169 breviter
596 1093 736 1166 transiit
751 1092 902 1191 Syllana
918 1092 1082 1167 vindicta
1098 1094 1266 1190 procella,
1288 1119 1404 1192 neque

288 1217 362 1311 ipse
388 1213 499 1286 victor
526 1211 751 1285 scenicorum
771 1211 906 1308 generi,
931 1210 992 1285 scd
1021 1210 1084 1284 uni
1113 1211 1229 1284 Attico
1253 1213 1402 1310 collegio

288 1331 461 1404 intensus.
487 1332 634 1423 Nempe,
651 1327 769 1400 fractis
789 1316 1002 1402 Mithridatis
1017 1325 1183 1419 ducibus,
1198 1327 1303 1404 ludos
1322 1353 1404 1404 sce-

290 1449 389 1521 nicos
402 1445 533 1520 Thebis
553 1443 664 1519 edidit
680 1443 741 1544 (1).
759 1444 975 1542 Plerumque
989 1443 1160 1520 benevole
1180 1454 1214 1521 et
1237 1471 1279 1522 ex
1296 1449 1403 1521 insti-

288 1565 372 1636 tutis
389 1563 513 1661 graecis
528 1564 679 1635 Romani
697 1562 928 1657 imperatores
950 1585 1033 1659 erga
1058 1563 1216 1637 scenicos
1236 1587 1310 1638 sese
1329 1587 1406 1661 ges-

289 1687 424 1754 serunt.
456 1678 626 1774 Exemplo
651 1684 702 1751 est
731 1678 879 1767 Brutus,
906 1680 981 1775 qui,
1015 1703 1130 1776 quum
1152 1688 1282 1775 praetor
1303 1680 1407 1755 ludos

290 1819 400 1892 quarn
421 1795 726 1890 splendidissimos
742 1794 848 1867 edera
867 1800 1025 1889 cuperet,
1046 1796 1120 1890 ipse
1144 1819 1180 1868 se
1203 1796 1403 1893 Neapolim,

289 1911 351 1986 ubi
383 1911 530 2008 plurimi
557 1910 707 1984 artifices
739 1908 982 1998 versabantur,
1016 1909 1187 1999 contulit;
1221 1936 1405 2010 quumque

290 2051 383 2100 uuus
403 2051 445 2100 ax
463 2027 506 2099 iis
528 2033 739 2117 moraretur,
754 2027 893 2123 scripsit
912 2024 956 2099 ad
971 2027 1103 2100 amicos
1122 2028 1186 2128 qui
1205 2029 1237 2102 ei
1256 2037 1293 2101 ut
1309 2028 1405 2102 ludis

288 2145 425 2218 adesset
450 2143 717 2239 persuaderent,
751 2166 868 2241 neque
899 2143 997 2216 enim
1029 2141 1155 2217 decere
1183 2169 1402 2242 quemquam

291 2263 453 2334 Graecum
474 2259 659 2332 hominem
683 2259 761 2357 cogi
779 2258 845 2358 (3).
865 2262 999 2333 Rursus
1020 2260 1152 2333 scenici
1173 2263 1266 2335 circa
1282 2270 1406 2359 poten-

291 2385 354 2466 tes,
375 2399 528 2474 quorum
543 2377 692 2474 gratiam
711 2383 773 2449 aut
788 2400 937 2450 munera
956 2376 1181 2474 appetebant,
1202 2378 1407 2476 trequentes

289 2501 409 2583 erant;
434 2493 599 2568 nonnulli
619 2494 782 2589 privatim
803 2494 840 2565 in
864 2494 1010 2567 Antonii
1034 2493 1311 2569 familiaritatem
1337 2495 1406 2569 ad-

292 2611 404 2698 missi,
428 2611 584 2683 unirersi
606 2611 651 2684 ad
667 2616 797 2683 nutum
810 2611 900 2706 ejus,
923 2617 1001 2706 post
1025 2609 1222 2683 inlaustum
1241 2610 1409 2685 adversus

292 2729 440 2803 Parthos
471 2727 619 2813 hellum,
651 2730 797 2802 Samum
817 2727 1085 2818 confluxerunt,
1113 2726 1215 2802 nullo
1250 2753 1410 2803 commu-

291 2847 393 2919 nium
409 2845 586 2918 malorum
605 2849 778 2940 respectu.
814 2872 829 2910 o
848 2847 967 2929 Quum
991 2843 1085 2917 circa
1105 2867 1229 2918 omues
1251 2847 1410 2943 regiones

291 2962 448 3038 luctibus
477 2972 511 3034 et
534 2958 725 3058 gemitibus
749 2961 988 3056 replerentur,
1018 2985 1090 3034 una
1113 2962 1191 3034 haec
1213 2963 1329 3036 insula
1347 2988 1411 3060 per

293 3081 413 3178 plures
434 3078 508 3151 dies
536 3077 704 3151 tibiarum
737 3086 771 3151 et
799 3077 926 3150 fidium
947 3084 1122 3152 concentu
1151 3079 1408 3177 perstrepebat,

292 3196 437 3292 repletis
451 3194 598 3268 theatris
614 3203 647 3267 et
663 3193 781 3268 choris
801 3193 1019 3266 certantibus
1033 3192 1100 3293 (1)
1118 3224 1133 3262 n

343 3316 383 3385 ln
411 3311 481 3385 hoc
510 3316 631 3382 tamen
663 3311 887 3383 scenicorum
910 3334 1109 3407 gracorum
1147 3309 1242 3407 apud
1273 3312 1411 3387 nobiles

294 3425 524 3514 virosfavore,
536 3426 700 3499 nondum
712 3426 837 3499 eadem
856 3427 978 3524 opinio
994 3426 1037 3500 ad
1050 3450 1175 3504 omnes
1190 3440 1407 3529 pervenerat,

294 3551 327 3615 et
354 3566 495 3617 necesse
524 3542 591 3615 suit
615 3542 846 3639 scriptoribus
874 3542 1062 3641 plerosque
1081 3544 1275 3643 legentium
1290 3549 1412 3623 admo·

294 3681 380 3734 nere
397 3665 571 3756 quantum
588 3659 802 3733 discriminis
822 3661 912 3734 loret
932 3661 1025 3733 inter
1045 3685 1177 3758 graecos
1202 3664 1354 3738 artifices
1378 3671 1413 3739 et

294 3776 422 3849 latinos
441 3776 646 3849 histriones.
676 3777 725 3849 lta
748 3778 868 3850 Livius
897 3803 905 3853 :
937 3807 954 3842 α
980 3782 1064 3850 Rem
1088 3780 1246 3854 Aristoni
1269 3780 1411 3855 cuidam

296 3893 427 3989 tragico
456 3893 581 3981 actori,
613 3893 669 3964 cui
697 3906 731 3964 et
757 3892 826 3965 alia
857 3916 988 3966 arcana
1010 3896 1233 3970 committere
1249 3897 1415 3972 adsuerat

297 4010 435 4082 incaute
457 4009 567 4104 aperit
590 4006 913 4109 (Andranodorus).
939 4011 1031 4083 Huic
1045 4017 1079 4084 et
1095 4036 1207 4109 genus
1222 4026 1256 4087 et
1270 4014 1414 4089 fortuna

295 4125 446 4198 honesta
466 4135 565 4197 erant
575 4149 583 4211 ;
601 4147 667 4198 nec
689 4147 756 4213 ars,
775 4125 860 4221 quia
878 4125 970 4199 nihil
990 4126 1060 4201 tale
1076 4128 1172 4224 apud
1189 4131 1329 4204 Graecos
1344 4155 1413 4227 pu-

296 4242 373 4316 dori
401 4257 465 4332 est,
497 4265 537 4315 ea
568 4240 787 4316 deformabat
817 4240 879 4341 (5).
912 4271 927 4309 u
962 4243 1067 4317 Haud
1095 4244 1199 4318 aliter
1228 4247 1414 4321 Cornelius

336 4455 378 4537 (1)
399 4457 448 4518 Fr.
463 4457 663 4534 Leuormant,
680 4455 858 4519 Recdercdes
872 4455 890 4518 ἁ
906 4439 1038 4534 douo,
1053 4476 1085 4538 p.
1102 4461 1159 4521 ll'l
1174 4466 1205 4522 et
1221 4479 1286 4542 seq.

338 4550 380 4629 (1)
401 4550 566 4624 Plutarch,
579 4550 674 4631 Syllo,
692 4555 740 4614 19.

337 4645 376 4722 (3)
397 4645 569 4721 Plutarch„
585 4645 689 4721 Brut,
701 4650 751 4708 11.
763 4679 803 4693 -
813 4645 857 4728 (1)
872 4647 1040 4725 Plutarch,
1055 4648 1174 4727 Arcton,
1190 4651 1239 4711 56.

336 4737 381 4819 (5)
400 4737 518 4816 Liviae,
534 4740 674 4816 XXXIV,
690 4743 740 4802 11.
