3736 5784
367 1152 584 1225 Priviteflia
605 1156 657 1211 ab
677 1154 1030 1224 Amphicttonibus
1049 1157 1089 1210 ct
1109 1154 1339 1250 otvitqtibus

671 1255 849 1324 colloquiis
868 1253 1038 1311 decretu.

340 1469 424 1540 Haec
445 1466 594 1563 collegia
618 1489 660 1540 ex
677 1465 884 1540 hominibus
910 1467 1074 1563 ingenuis
1092 1467 1288 1541 constantia
1316 1474 1352 1542 et
1368 1471 1404 1541 in

293 1583 445 1656 formam
459 1583 609 1656 civitatis
622 1585 858 1680 congregatis,
873 1585 1030 1656 numinis
1040 1607 1114 1656 non
1126 1582 1243 1656 solum
1258 1584 1404 1680 antiquo
1491 1589 1494 1596 ’

292 1700 489 1796 patrocinio
504 1697 566 1773 sed
580 1699 840 1773 recentioribus
858 1723 1002 1796 quoque
1018 1700 1172 1774 oraculis
1186 1707 1402 1790 consecrata,

291 1816 431 1912 pietate,
461 1839 573 1912 quum
593 1816 630 1888 in
657 1802 853 1891 exercendo
873 1817 949 1912 ipso
970 1817 1119 1890 artificio
1139 1823 1215 1890 tum
1241 1818 1279 1890 in
1304 1841 1406 1914 pera-

292 1931 415 2027 gendis
433 1933 582 2005 deorum
602 1933 709 2005 sacris
731 1933 902 2028 insignia,
930 1931 1136 2006 Graeoorum
1156 1933 1312 2006 favorem
1338 1934 1404 2008 sibi

292 2047 498 2121 conciliasse
525 2071 755 2144 nequaquam
779 2050 910 2121 mirum
933 2054 997 2125 est.
1024 2049 1186 2123 Artifices
1204 2050 1312 2146 igitur
1331 2074 1402 2124 non

291 2162 398 2238 modo
413 2186 485 2238 non
500 2165 640 2238 minore
649 2166 731 2261 jura
745 2187 854 2262 quam
867 2171 1014 2255 ceteros,
1035 2165 1096 2240 sad
1115 2166 1220 2239 etiarn
1235 2167 1405 2262 praeclara

290 2280 444 2377 quadam
460 2282 665 2356 conditione
681 2280 788 2355 tuisse
812 2287 847 2356 et
864 2282 940 2378 ipsa
962 2304 1081 2355 rerum
1108 2283 1197 2357 ratio
1220 2282 1353 2358 indicat
1369 2293 1404 2358 et

285 2400 360 2495 jam
376 2396 512 2494 aliquot
525 2399 560 2469 in
574 2397 706 2471 tabulis
718 2399 888 2496 inscripta
900 2399 1114 2474 documenta
1127 2399 1400 2474 confirmabant.

291 2519 377 2588 Rem
396 2537 479 2587 vero
500 2513 613 2588 multo
635 2513 866 2589 illustriorem
887 2515 1004 2588 effecit
1026 2515 1163 2612 insigne
1181 2538 1340 2590 marmor
1364 2517 1402 2589 in

289 2631 373 2727 ipsis
394 2631 521 2704 theatri
542 2631 741 2725 Dionysiaci
757 2629 959 2717 ruderibus,
978 2654 1073 2705 anno
1092 2637 1197 2721 1866,
1218 2633 1396 2707 effossum.

290 2748 381 2820 Huic
399 2747 512 2821 incisa
530 2752 612 2820 sunt
637 2745 723 2820 bina
742 2747 1034 2844 Amphictionum
1061 2747 1223 2836 decreta,
1246 2772 1398 2845 quorum

289 2863 493 2961 exenrplum
513 2865 554 2936 ad
576 2862 752 2961 populum
771 2863 1025 2936 Atheniensem
1044 2861 1194 2935 missum
1214 2869 1248 2936 et
1268 2865 1306 2937 in
1327 2867 1400 2939 Me-

288 2992 386 3069 troo,
403 2979 465 3053 ubi
486 2980 618 3075 deponi
637 2977 798 3053 solebant
816 2977 968 3075 publicae
992 2976 1135 3068 litterae,
1162 2987 1397 3070 asservatum,

241 3091 244 3097 ’
288 3097 441 3171 artifices
467 3097 636 3170 marmori
671 3093 903 3169 incidendum
937 3101 1150 3169 curaverunt
1182 3102 1217 3169 et
1246 3098 1399 3194 inipso

289 3216 425 3289 theatro
450 3236 680 3311 proposuere.
714 3215 832 3285 Unum
853 3211 955 3284 annis
979 3212 1119 3284 circiter
1144 3218 1307 3286 ara-189
1338 3223 1400 3288 aut

288 3333 407 3428 potius
433 3335 603 3417 tuo-189,
636 3351 707 3424 quo
733 3333 893 3423 tempore
922 3325 1029 3400 AEtoli
1051 3327 1088 3399 in
1117 3329 1401 3425 Amphictionico

287 3448 438 3521 consilio
448 3452 684 3544 praepotcntes
695 3444 776 3516 iacti
787 3449 882 3533 sunt,
896 3443 1148 3540 assignandum
1163 3451 1230 3532 est;
1246 3444 1396 3520 alterurn

287 3565 390 3638 annis
411 3568 569 3637 189-172
593 3559 835 3647 tribuendum,
857 3562 1043 3655 postquam
1058 3559 1169 3632 victor
1188 3558 1232 3632 Μ’
1250 3560 1396 3652 Acilius,

286 3681 404 3755 fractis
417 3677 615 3752 AEtolorum
634 3675 777 3767 viribus,
794 3675 979 3771 antiquam
997 3675 1150 3748 formam
1165 3675 1304 3749 consilii
1323 3700 1399 3751 res-

286 3797 393 3870 tituit.
413 3797 497 3869 Haec
512 3794 738 3869 decretorum
752 3798 925 3888 tempora,
949 3793 1055 3866 certis
1076 3794 1293 3889 argumentis
1312 3818 1398 3869 con·

287 3915 420 3987 firmari
442 3915 604 4009 possunt,
626 3910 700 3996 sed,
734 3909 904 4005 quoniam
925 3908 1066 4006 longius
1092 3932 1149 3982 res
1177 3908 1267 3982 soret
1300 3933 1399 4007 repc-

287 4029 404 4117 tenda‚
439 4051 518 4102 eam
549 4026 825 4123 disputationem
851 4049 887 4097 in
921 4047 1076 4121 praesons
1098 4025 1215 4115 omisi,
1246 4025 1332 4100 alias
1356 4026 1400 4099 de

287 4151 423 4244 integro
442 4149 611 4242 repetam.
632 4146 735 4214 Nunc
759 4147 965 4238 utrumque,
991 4141 1171 4237 praeterita
1197 4141 1400 4216 hieromne-

287 4287 437 4339 monum
453 4257 803 4344 commemoratione,
825 4258 976 4353 apposui
994 4257 1055 4353 (1).

330 4455 370 4538 (1)
392 4452 532 4516 Titulum
545 4449 665 4529 primus
686 4444 785 4506 edidit
797 4444 1032 4504 Koumanoudis
1046 4445 1079 4505 in
1094 4445 1294 4524 ephemeride
1307 4445 1401 4506 Athe-

285 4549 398 4624 niensi,
416 4543 577 4627 Χρυσαλλίς,
596 4546 632 4604 15
643 4541 730 4621 janv.
746 4540 833 4600 1866.
852 4538 965 4599 Gallico
979 4539 1137 4600 transtulit
1150 4541 1254 4618 Egger
1274 4545 1305 4600 et
1323 4539 1400 4600 inse·

286 4646 351 4707 ruit
364 4642 466 4703 libro:
481 4623 596 4700 Etudes
617 4634 790 4714 historiques
809 4651 860 4692 sur
879 4631 918 4693 les
936 4633 1034 4694 troitds
1048 4632 1173 4714 poblics,
1189 4651 1218 4712 p.
1233 4633 1291 4695 287
1306 4638 1339 4693 et
1352 4651 1398 4711 sq.
