3736 5784
919 763 959 776 ..
980 732 1018 793 {0
1038 763 1078 778 -

438 883 522 933 nem
551 865 707 952 movent,
740 861 889 960 collegio
922 865 1062 940 scenico
1091 866 1270 940 caruisse?
1300 870 1409 965 Cujus
1436 875 1554 942 tamen

440 976 690 1050 tenuissimum
719 979 825 1052 modo
844 981 1030 1078 vestigium
1056 983 1193 1058 eLivio
1215 1007 1339 1060 eruere
1358 985 1553 1082 potuimus,

438 1097 477 1170 in
495 1122 567 1198 quo
586 1098 626 1176 fit
641 1098 776 1174 mentio
794 1097 970 1173 Aristonis
986 1101 1172 1198 cujusdam
1188 1104 1317 1179 actoris
1336 1103 1470 1202 tragici,
1490 1101 1555 1198 Sy·

437 1219 602 1293 racusani
621 1217 718 1305 civis,
737 1217 775 1288 in
790 1239 832 1291 ea
846 1215 936 1292 urbe
953 1220 1207 1293 commorantis
1222 1219 1367 1320 (XXIV,
1390 1219 1462 1319 11).
1489 1283 1494 1294 .

488 1336 523 1406 8.
553 1332 690 1429 Rhegii.
720 1330 859 1404 Titulus
887 1333 1039 1430 pessime
1060 1334 1258 1432 descriptus
1281 1336 1370 1410 mihi
1395 1336 1551 1422 videtur;

438 1445 498 1521 sed
515 1447 613 1523 haud
631 1445 740 1521 dubia
757 1453 810 1522 est
829 1448 1008 1523 artificum
1024 1449 1164 1547 collegii
1186 1453 1320 1527 mentio
1340 1452 1406 1552 (1).

487 1568 524 1640 9.
552 1564 712 1661 Neapoli.
742 1563 942 1662 Collegium
961 1567 1210 1641 tantummodo
1224 1569 1263 1642 in
1278 1569 1419 1644 duobus
1433 1592 1556 1644 recen-

436 1679 589 1754 tioribus
602 1681 715 1755 titulis
730 1681 901 1772 occurrit,
920 1705 1075 1779 quorum
1091 1683 1128 1754 in
1144 1708 1217 1758 uno
1232 1685 1352 1758 latinis
1370 1685 1556 1760 elementis

436 1796 543 1872 rerba
562 1821 660 1872 mere
673 1821 788 1895 graeca
800 1799 973 1895 inscripta
990 1797 1140 1872 luerunt
1157 1797 1223 1898 (2).
1243 1801 1305 1874 Est
1323 1824 1467 1899 quoque
1482 1808 1556 1875 tes·

439 1915 589 1988 timonio
611 1914 757 1990 Senecae
783 1914 932 2013 epistola
951 1915 987 1989 in
1010 1937 1081 2012 qua
1100 1916 1144 1990 de
1160 1917 1295 1990 theatro
1323 1916 1556 2013 Neapolitano

440 2036 476 2105 et
494 2032 538 2107 de
554 2032 701 2106 musicis
718 2031 976 2107 certaminibus
991 2031 1150 2128 loquitur
1165 2031 1298 2131 (Epist.
1321 2032 1394 2132 76).
1411 2034 1556 2106 Gravius

437 2146 530 2222 illud
543 2154 578 2224 et
592 2149 702 2247 magis
722 2149 912 2246 antiquum
935 2147 1032 2245 quod
1053 2151 1196 2239 Brutus,
1214 2173 1326 2247 quum
1348 2149 1454 2224 vellet
1469 2149 1556 2224 arti·

438 2264 523 2339 lices
548 2289 682 2363 grecos
712 2263 881 2338 ludorum
906 2286 1010 2337 causa
1038 2287 1271 2364 congregare,
1304 2266 1490 2363 Neapolim
1519 2290 1556 2340 se

438 2381 591 2460 contulit
606 2381 667 2456 ubi
684 2381 831 2478 plurimi
852 2379 1085 2454 versabantur
1105 2379 1171 2480 (3).
1197 2379 1299 2469 Quod
1323 2382 1512 2479 collegium
1535 2402 1555 2455 a

441 2497 609 2572 Romanis
625 2499 861 2572 constitutum
876 2496 985 2570 luisse
1000 2520 1075 2571 non
1088 2498 1259 2573 credibile
1272 2505 1336 2586 est,
1350 2498 1412 2571 sed
1424 2494 1551 2595 potius,

440 2619 522 2687 ante
543 2617 739 2688 Romanam
761 2613 1042 2689 dominationem
1054 2613 1129 2711 jam
1149 2615 1293 2705 florens,
1315 2613 1427 2690 serius
1448 2609 1551 2687 etiam

430 2732 688 2828 permansisse.

488 2846 593 2921 Nunc
615 2871 634 2923 e
658 2871 730 2946 quo
750 2848 940 2924 hominum
959 2872 1090 2947 genere
1113 2850 1333 2924 constiterint
1352 2871 1392 2923 ea
1410 2849 1557 2947 collegia

442 2966 677 3061 quaerendum
692 2971 756 3040 est.
776 2969 861 3039 Rem
883 2989 1020 3041 sacram
1036 2990 1110 3041 non
1128 2967 1196 3040 nisi
1210 2967 1383 3063 ingenuos
1403 2967 1556 3065 attigisse

440 3082 570 3180 etipsa
592 3083 681 3156 ratio
704 3105 768 3178 per
781 3105 818 3157 se
831 3081 966 3157 indicat
985 3090 1019 3158 et
1036 3083 1222 3158 manifeste
1238 3082 1422 3156 declarant
1443 3102 1556 3178 quum

440 3197 629 3296 scriptores
648 3198 785 3294 antiqui
800 3204 877 3272 tum
896 3197 1060 3294 lapidum
1075 3199 1291 3272 testimonia.
1314 3203 1448 3293 Nempe
1463 3194 1557 3291 apud

441 3319 599 3388 oratores
611 3315 735 3388 atticos
747 3314 866 3388 ridere
883 3321 934 3386 est
953 3316 1113 3388 scenicos
1127 3313 1280 3386 artifices
1293 3310 1396 3384 nullo
1414 3308 1557 3407 publico

442 3430 497 3503 vel
517 3430 612 3504 civili
629 3433 711 3528 jure
731 3430 900 3517 caruisse,
917 3429 979 3504 sed
1001 3431 1038 3502 in
1053 3429 1190 3526 judicia
1207 3426 1400 3500 testimonii
1415 3423 1557 3497 dicendi

441 3568 561 3636 causa,
587 3547 647 3620 vel
676 3545 721 3620 ad
748 3547 828 3620 lites
856 3543 1090 3621 intendendus
1113 3553 1173 3618 aut
1205 3539 1431 3616 sustinendas
1453 3561 1558 3636 aequo

438 3668 519 3763 jure
543 3662 705 3761 prodire3
731 3664 855 3737 domos
878 3671 939 3736 aut
969 3659 1098 3735 fundos
1121 3657 1338 3757 possedisse3
1365 3654 1558 3730 nonnullos

443 3782 550 3856 etiam
568 3780 796 3878 amplissimis
808 3778 975 3877 gentibus
989 3776 1127 3865 aflines,
1144 3783 1183 3850 ut
1196 3773 1438 3871 Phrynichum
1455 3771 1558 3846 illum

442 3899 645 3972 saltatorem
671 3896 866 3971 Andociden
891 3917 1113 3993 germanum.
1155 3897 1228 3966 Nec
1258 3891 1377 3964 minus
1404 3890 1559 3963 honores

443 4015 592 4090 civitatis
613 4015 774 4112 adipisci,
791 4012 945 4110 publicis
965 4010 1176 4086 muneribus
1195 4009 1294 4106 fungi
1311 4008 1368 4080 vel
1387 4004 1560 4104 amplissi-

442 4134 522 4224 mis,
545 4132 650 4208 verba
675 4131 790 4206 facere
816 4131 854 4204 in
879 4130 1050 4204 concione
1077 4135 1138 4202 aut
1156 4128 1194 4202 in
1214 4124 1364 4200 consilio
1385 4146 1447 4220 per
1465 4121 1561 4219 leges

440 4271 505 4324 nec
519 4249 638 4322 minus
652 4271 717 4344 per
733 4247 923 4321 hominum
939 4244 1144 4343 opinionem
1161 4242 1310 4318 scenicis
1330 4240 1399 4313 luit
1417 4261 1559 4336 semper

442 4388 664 4441 concessum.
684 4363 787 4465 (Vide
801 4387 838 4459 p.
864 4360 942 4460 81.)

481 4554 525 4637 (1)
547 4552 662 4633 Corpus
676 4553 764 4615 inser.
780 4571 842 4633 pm,
859 4553 950 4615 5762.

482 4650 526 4730 (2)
548 4651 644 4712 Sacra
656 4647 814 4728 synhodos
828 4646 959 4726 Neapoli
974 4646 1092 4728 (tuabi,
1110 4643 1212 4724 aeta).
1239 4665 1245 4678 ·

484 4743 528 4823 (3)
547 4742 718 4818 Plutarch„
735 4741 860 4814 Brutus,
878 4744 928 4802 51.
