3736 5784
760 737 921 800 ...85-

288 876 354 949 luit
375 872 387 972 (
396 873 439 972 t),
459 873 506 945 ita
520 872 744 945 scenicorum
759 873 940 947 amoribus
952 879 986 945 et
993 871 1120 969 jurgiis
1136 870 1332 966 permixtus
1348 866 1401 966 (t)

288 996 325 1064 ut
340 994 520 1062 Eumenes
535 989 737 1086 indignatus
757 990 967 1065 exclamaret
983 991 1056 1087 jam
1072 986 1289 1085 projicienda
1304 1006 1404 1058 arma

286 1113 321 1180 et
335 1104 436 1179 tibias
451 1106 576 1179 inllare
590 1112 625 1179 et
639 1105 823 1203 tragoedias
837 1130 938 1204 agere
954 1103 1165 1180 discendum
1180 1101 1246 1201 (3).
1267 1106 1403 1174 Rursus

286 1222 417 1295 scenici
437 1221 546 1295 elluse
573 1223 645 1318 rogi
672 1245 780 1318 supra
805 1223 1005 1297 humanum
1026 1221 1173 1295 modum
1202 1217 1403 1314 exsurgenti

286 1337 574 1428 blandiebantur,
595 1345 629 1412 et
648 1339 914 1414 adulationibus
928 1341 1123 1413 immanem
1145 1334 1348 1433 superbiam
1369 1342 1404 1406 et

287 1454 517 1548 impotentem
536 1453 755 1526 iracundiam
777 1454 1011 1528 efferaverunt
1032 1475 1111 1549 qum
1137 1450 1279 1524 tandem
1295 1449 1332 1522 in
1350 1471 1405 1523 so-

287 1569 424 1641 ciorum
443 1575 479 1640 et
497 1567 695 1642 amicorum
714 1567 828 1643 caedes
846 1570 975 1666 erupit.

333 1684 531 1757 Alexandro
559 1691 714 1776 mortuo,
746 1685 854 1759 duces
883 1693 1053 1782 tanquam
1077 1683 1295 1758 haereditatis
1326 1681 1404 1779 ejus

285 1808 432 1899 partem,
463 1802 686 1876 scenicorum
705 1802 862 1876 studium
892 1805 1126 1877 retinuerunt.
1161 1801 1266 1897 Apud
1295 1822 1403 1873 novos

287 1941 384 2014 reges
400 1941 467 1990 nec
486 1918 605 1991 minus
623 1920 765 2014 glatiosi
783 1918 927 1993 fuerunt
949 1919 1116 2007 artifices,
1137 1940 1205 1990 nec
1219 1917 1339 1989 minus
1358 1913 1403 1988 ad

286 2032 545 2106 blandiendum
563 2033 677 2107 effusi.
701 2035 963 2131 Largitionibus
979 2033 1127 2130 expleti,
1148 2033 1245 2106 festis
1264 2039 1298 2106 et
1319 2055 1403 2106 con·

286 2149 383 2223 viviis
402 2147 561 2241 admixti,
583 2151 675 2224 inter
693 2151 824 2224 amicos
846 2151 952 2224 etiam
972 2159 1005 2223 et
1026 2149 1188 2224 custodes
1208 2149 1320 2246 regios
1343 2149 1405 2222 ad·

286 2266 528 2353 mittebantur,
547 2290 613 2340 nec
629 2291 665 2340 se
680 2268 872 2341 mimorum
889 2274 922 2340 et
937 2274 1134 2340 ceterorum
1150 2265 1402 2338 circulatorum

289 2382 418 2479 quibus
449 2406 591 2480 quoque
623 2383 819 2474 sanabatur,
850 2384 1059 2480 contagione
1089 2383 1202 2480 pollui
1227 2381 1402 2478 indignati

288 2505 383 2571 sunt.
417 2502 512 2584 Quos
540 2522 721 2574 recensere
753 2500 857 2573 taedet
873 2527 882 2588 ;
916 2501 1024 2573 unius
1057 2506 1196 2573 tantum
1226 2497 1402 2571 nefarium

288 2616 403 2689 scelus
422 2615 676 2690 exsecrandum
700 2624 764 2707 est,
788 2617 929 2690 Archiae
947 2617 1092 2706 scilicet,
1115 2616 1238 2714 tragici
1259 2617 1399 2690 actoris.

289 2737 334 2823 ls,
353 2731 536 2806 debellatis
551 2733 645 2828 apud
662 2736 861 2807 Cranonem
876 2732 1156 2806 Atheniensibus
1171 2739 1207 2806 et
1221 2731 1404 2829 deplorata

288 2849 430 2922 Gracia
449 2847 625 2939 libertate,
646 2848 821 2945 Antipatri
844 2849 1008 2923 vindictae
1028 2849 1201 2938 minister,
1220 2872 1279 2922 eos
1301 2872 1403 2922 com-

286 2965 531 3061 prehendendi
552 2966 614 3062 qui
633 2964 885 3039 Macedonibus
900 2965 1071 3040 adversati
1092 2965 1246 3053 fuerant,
1271 2988 1403 3037 munus

287 3083 460 3178 suscepit;
474 3083 503 3155 is
511 3083 646 3179 AEginae
658 3089 839 3156 assecutus
855 3083 1107 3171 Aristonicum,
1122 3082 1339 3155 Himeraeum
1352 3086 1405 3154 at·

288 3221 357 3294 que
374 3197 588 3294 Hyperidem
604 3198 718 3272 elano
729 3201 826 3273 AEaci
836 3198 1000 3294 abreptos
1015 3198 1201 3294 Antipatro
1217 3196 1404 3271 caedendos

287 3314 448 3402 tradidit3
464 3316 494 3388 is
505 3315 780 3388 Demosthenem
790 3314 923 3387 insano
933 3315 1088 3410 Neptuni
1098 3314 1294 3411 supplicem
1308 3337 1404 3387 mor-

287 3437 358 3504 tem
379 3429 445 3504 sibi
467 3433 684 3505 consciscere
702 3432 826 3528 coegit,
843 3438 940 3504 tanto
963 3430 1136 3506 serviendi
1151 3431 1268 3504 studio
1283 3436 1324 3503 ut
1339 3431 1403 3505 ho·

287 3547 375 3619 mini
386 3547 670 3644 Phpgadotberas
685 3571 882 3644 cognomen
901 3547 945 3621 ab
956 3548 1111 3644 antiquis
1124 3547 1327 3621 inureretur
1336 3545 1399 3646 (t)

287 3665 400 3760 Digna
425 3663 491 3736 luit
517 3687 600 3738 sane
629 3665 690 3737 illa
718 3665 940 3737 scenicorum
969 3663 1170 3760 proditione
1200 3686 1306 3759 poena
1335 3669 1394 3751 ut,

286 3804 398 3877 quum
430 3781 631 3872 AEschines,
661 3781 923 3872 Aristodemus,
954 3779 1206 3875 Neoptolemus
1233 3780 1399 3853 adversus

286 3898 436 3993 patriam
454 3897 607 3994 Philippi
626 3902 742 3993 partes
756 3898 858 3970 tutati
873 3902 1003 3988 essent,
1020 3919 1062 3970 ex
1076 3895 1201 3970 codem
1221 3895 1398 3969 artificum

287 4036 433 4110 corpore
449 4013 629 4088 exsisteret
644 4015 797 4109 tragicus
817 4013 943 4085 histrio
963 4013 1024 4109 qui
1045 4035 1166 4086 vocem
1186 4010 1340 4112 publicae
1357 4010 1400 4083 li-

287 4129 431 4204 bertatis
449 4136 484 4203 et
497 4153 621 4225 graecae
638 4129 848 4224 eloquentiae
867 4128 989 4202 lumen
1010 4128 1258 4224 exstingueret.

325 4365 362 4442 ll)
385 4362 559 4437 Plutarch.‚
574 4359 735 4436 Alemmd,
750 4364 799 4421 ot.

323 4457 365 4534 (A)
387 4456 559 4527 Plutarch.‚
574 4455 725 4515 Aleoeand.
743 4453 960 4536 opopbtbepm„
977 4457 1025 4516 20.

324 4551 367 4631 (3)
389 4550 560 4625 Plutarch.‚
576 4550 703 4610 Eumae.
717 4551 745 4608 tl.

324 4648 365 4724 (t)
388 4644 560 4719 Plutarch.‚
581 4642 778 4718 Democtbcn„
799 4645 907 4719 taam
931 4642 989 4704 tit.
1006 4641 1098 4703 decem
1122 4641 1216 4717 Orat,
1237 4643 1318 4718 Vlll,
1341 4644 1400 4716 l2;

282 4741 333 4815 tx,
352 4742 398 4801 tt.
