3736 5784
932 641 1090 702 ..gg-

455 773 604 848 honeste
617 772 672 869 agi
692 776 877 868 putaretur
883 796 893 860 ;
911 792 1151 869 quecumque
1169 767 1311 843 leminae
1324 775 1385 844 aut
1401 768 1571 844 saltarent

454 895 517 964 aut
535 894 704 963 canerent
722 886 766 961 ad
783 886 908 961 tibiam
928 889 1160 969 citharamve,
1185 885 1328 960 serviles
1355 891 1390 959 et
1408 885 1571 983 plerum-

453 1029 524 1103 que
538 1005 766 1080 meretricum
780 1003 860 1079 loco
879 1003 1018 1079 habitas
1037 1002 1146 1077 luisse
1161 1002 1244 1076 satis
1258 1007 1311 1075 est
1330 1009 1567 1099 compertum.

452 1121 618 1197 Traditur
637 1119 820 1194 memoriae
836 1119 1026 1194 mulierem
1045 1120 1243 1210 tibicinam,
1269 1117 1452 1214 aPhayllo
1471 1120 1571 1194 Pbo-

438 1237 615 1312 'censium
642 1235 733 1311 duce
756 1223 968 1324 adamatam,
990 1259 1103 1334 quum
1127 1233 1261 1333 Pythiis
1278 1231 1375 1307 adire
1390 1227 1570 1308 certamen

453 1352 612 1443 auderet,
629 1354 864 1451 spectantium
889 1353 942 1444 ira
969 1339 1149 1428 exclusam
1173 1351 1438 1449 indignantium
1459 1352 1571 1449 pollui

452 1465 623 1542 ludorum
642 1468 863 1542 sanctitatem
878 1466 945 1567 (l).

502 1584 672 1672 Omnino,
691 1583 839 1682 collegia
859 1585 998 1660 scenica
1011 1609 1054 1658 ex
1067 1584 1110 1659 iis
1126 1582 1243 1658 solum
1259 1583 1495 1658 constiterunt
1507 1585 1570 1684 qui

455 1707 547 1776 artes
582 1699 712 1797 quibus
744 1700 893 1799 praemia
922 1700 958 1774 in
989 1699 1084 1775 ludis
1114 1701 1222 1775 sacris
1255 1698 1567 1799 proponebantur,

455 1822 702 1893 exercuerunt.
739 1815 940 1890 Discrimen
969 1815 1194 1914 singulorum
1223 1813 1382 1889 inludis
1411 1815 1568 1913 agendis,

455 1956 569 2031 quum
592 1931 732 2007 artificii
765 1955 908 2030 genere,
948 1941 1024 2006 tum
1057 1934 1200 2030 propria
1231 1933 1402 2030 cujusque
1427 1933 1567 2029 peritia,

366 2073 371 2086 ·
455 2050 673 2137 maximum;
701 2048 739 2121 in
759 2047 1041 2123 administranda
1067 2047 1264 2146 republica,
1286 2046 1448 2136 nullum;
1470 2047 1572 2120 dissi·

455 2164 550 2240 milis
580 2165 618 2238 in
646 2164 900 2240 certaminibus
929 2165 1055 2262 gloria,
1087 2164 1272 2238 dissimilia
1303 2165 1408 2238 etiam
1439 2162 1571 2259 cuique

453 2282 574 2380 generi
592 2281 752 2378 praemia,
781 2280 907 2353 similis
932 2280 970 2352 in
994 2279 1179 2357 sodalitate
1206 2279 1376 2355 conditio.
1400 2277 1453 2352 Ad
1477 2278 1572 2352 obti-

456 2395 594 2472 nendos
606 2397 773 2488 honores,
791 2393 835 2469 ad
851 2396 1030 2471 ineundus
1044 2398 1279 2494 magistratus,
1296 2395 1388 2470 nihil
1402 2393 1571 2469 referebat

456 2521 607 2610 poetane
637 2535 682 2586 an
709 2511 855 2602 tibicen,
884 2513 1095 2610 magisteruc
1123 2510 1294 2588 docendis
1323 2510 1500 2586 actoribus
1523 2531 1568 2583 an

456 2629 681 2728 synagonista
699 2628 852 2726 tragicus
868 2628 974 2718 foret,
1000 2628 1062 2704 sed
1086 2629 1125 2702 in
1145 2651 1286 2703 summa
1308 2628 1402 2725 juris
1423 2624 1568 2725 aequali-

456 2752 527 2820 tate
545 2767 670 2819 omnes
684 2743 916 2819 versabantur
936 2742 1003 2843 (2).

505 2861 710 2936 Artificibus
728 2861 836 2960 igitur
857 2861 1027 2938 universis
1049 2859 1145 2936 idem
1162 2861 1221 2960 jus
1240 2859 1379 2935 lerendi
1398 2859 1569 2958 suffragii,

456 2979 552 3068 idem
562 2976 736 3055 adeundae
750 2979 943 3062 concionis,
955 3001 1065 3075 penes
1075 3002 1182 3076 quam
1194 3001 1335 3053 summa
1348 3001 1469 3052 rerum
1482 2984 1569 3052 erat.

457 3098 577 3181 Quum
604 3095 743 3170 decreta
769 3094 977 3191 simpliciter
1005 3095 1247 3170 inscribantur
1275 3093 1360 3187 ἔδοξε
1387 3106 1432 3185 τῷ
1460 3106 1570 3186 κοινῷ,

457 3213 644 3289 verisimile
658 3213 798 3286 videtur
816 3211 954 3287 nullam
970 3214 1179 3288 relationem
1199 3235 1264 3309 per
1278 3214 1501 3311 magistratus
1521 3211 1537 3284 l
1557 3254 1572 3266 -

456 3330 620 3405 ciendam
639 3327 760 3420 luisse,
777 3327 920 3402 nullum
934 3329 1145 3427 upodooteopa
1161 3335 1318 3404 asenatu
1333 3337 1394 3404 aut
1407 3328 1570 3418 consilio,

456 3447 518 3544 qui
538 3468 614 3519 mos
633 3451 753 3519 tamen
769 3444 806 3517 in
822 3445 920 3518 omni
936 3446 1071 3519 Gracia
1089 3445 1253 3536 invaluit,
1274 3452 1356 3520 ante
1369 3468 1574 3543 proponen-

456 3559 543 3635 dum
556 3584 664 3658 quam
678 3560 833 3658 legitime
848 3561 1002 3657 populus
1015 3560 1060 3635 ad
1081 3561 1247 3660 suffragia
1263 3569 1463 3637 vocaretur.
1482 3564 1574 3637 Con·

457 3678 587 3752 vocatis
602 3677 711 3775 igitur
724 3677 760 3751 in
779 3677 929 3770 curiam,
953 3685 1161 3775 βουλευτήριον
1188 3679 1252 3773 (3),
1275 3677 1471 3753 artificibus
1486 3678 1574 3753 uni-

457 3795 579 3886 versis,
598 3802 787 3891 postquam
807 3795 1066 3892 unusquisque,
1089 3801 1196 3894 prout
1214 3801 1289 3871 erat
1307 3795 1493 3892 ingenium
1513 3800 1575 3869 aut

498 4060 540 4142 (l)
554 4061 735 4140 Athenaeus,
756 4062 836 4138 Xlll,
852 4081 881 4142 p.
898 4065 967 4124 604.

497 4155 540 4237 (2)
560 4157 736 4236 Operarum
750 4155 913 4237 (ὑπηρεσίαι)
930 4175 1066 4236 quarum
1082 4156 1116 4218 in
1138 4157 1261 4219 duobus
1281 4156 1382 4220 titulis
1397 4154 1516 4218 mentio
1537 4154 1574 4219 tit

457 4250 508 4331 (Le
522 4251 582 4311 Bas
596 4254 628 4310 et
642 4247 869 4327 Waddington,
883 4249 978 4310 Iacer.
994 4249 1255 4330 d'Asr'e-Miaeorc,
1273 4254 1343 4323 281,
1364 4252 1387 4313 l.
1409 4255 1459 4327 37,
1475 4251 1570 4314 lusor.

458 4343 594 4419 Andau„
608 4342 630 4403 l.
645 4341 706 4423 98),
717 4343 953 4404 sciliceteorum
963 4345 1018 4424 qui
1030 4345 1192 4407 actoribus
1202 4351 1234 4407 et
1243 4345 1370 4407 musicis
1380 4345 1575 4426 apparebant

458 4437 583 4498 nullum
600 4436 663 4515 jus,
679 4436 767 4497 nulla
781 4436 936 4516 dignitas;
954 4438 1070 4519 quippe
1088 4440 1121 4500 id
1134 4439 1301 4501 ministerii
1319 4458 1419 4519 genus
1433 4458 1490 4521 per
1508 4458 1572 4501 ser-

458 4549 513 4593 vos
527 4534 582 4592 aut
595 4529 724 4591 libertos
737 4537 938 4610 procuratum
954 4532 1048 4593 fuisse
1063 4532 1196 4596 videtur.

501 4624 542 4705 (3)
555 4622 715 4701 Philostr.‚
738 4622 804 4685 Vita
817 4622 962 4705 Sopbiam,
975 4627 1014 4703 ll,
1030 4629 1079 4688 82.
