3420 5604
837 634 996 695 ...fl-

352 769 459 843 alicui
481 792 605 843 eorum
620 767 790 864 injuriam
804 766 979 854 intulerit,
1005 767 1036 840 ei
1055 766 1231 840 rationem
1250 762 1466 839 reddendam

353 885 430 958 lore
444 885 483 957 in
494 882 666 957 tribunali
684 882 989 980 amphictionum
1015 881 1213 958 secuudum
1237 880 1364 978 legem.
1382 909 1398 948 o
1426 884 1467 953 ln

353 1001 494 1075 decreto
512 999 556 1073 de
574 1000 768 1074 architecto
791 999 952 1096 Delphici
980 1000 1116 1096 templi,
1142 996 1237 1099 quod
1262 1022 1282 1073 a
1304 996 1467 1095 Philippo

352 1121 400 1191 Le
424 1118 491 1191 Bas
511 1119 586 1214 jam
605 1115 741 1190 editum
761 1114 869 1212 paulo
886 1116 1029 1212 plenius
1048 1115 1164 1212 legere
1184 1116 1296 1211 potui,
1321 1128 1364 1187 ea
1385 1120 1469 1186 sunt

353 1235 388 1306 in
411 1234 510 1308 fine:
540 1263 557 1303 «
575 1233 715 1307 Placuit
729 1231 1085 1307 hieromnemonibus
1108 1231 1318 1306 inviolatum
1338 1255 1414 1306 esse
1432 1237 1468 1304 et

352 1351 470 1446 ipsum
498 1354 695 1423 Damonem
715 1353 750 1422 et
769 1372 824 1423 res
844 1348 1054 1445 ipsius;.....
1079 1346 1109 1421 si
1139 1349 1219 1445 quis
1249 1372 1330 1422 vero
1364 1348 1469 1446 quid-

353 1494 461 1568 quam
480 1471 651 1544 amoverit
665 1493 707 1543 ex
726 1468 835 1565 hujus
852 1469 979 1557 rebus,
999 1471 1030 1542 ei
1053 1469 1112 1564 qui
1133 1469 1292 1565 rapuerit
1313 1468 1412 1541 mille
1428 1474 1465 1558 (t)

353 1592 498 1661 stateras
513 1585 700 1661 solvendos
714 1607 791 1658 esse
807 1584 873 1659 deo
888 1583 1159 1670 consecrandos,
1180 1583 1332 1657 Damoni
1348 1591 1466 1658 autern

353 1702 460 1777 licere
478 1725 561 1776 eum
578 1702 689 1798 injus
709 1723 811 1797 agere
829 1702 924 1796 apud
940 1701 1268 1786 hieromnemones3
1291 1701 1467 1773 civitatem

352 1842 433 1893 vero
449 1818 670 1914 Delphorum
683 1825 719 1891 et
736 1824 936 1890 ceterorum
958 1820 1163 1889 Graecorum
1182 1815 1388 1911 quicunque
1406 1840 1467 1890 vo-

352 1935 472 2027 luerit,
494 1958 598 2031 opem
613 1933 706 2006 ferre
727 1933 878 2007 Damoni
902 1931 1068 2005 adversus
1087 1933 1279 2028 rapientes,
1300 1933 1368 2007 uisi
1388 1934 1468 2029 quis

352 2050 510 2146 rapuerit
529 2048 575 2122 ob
594 2053 740 2145 pactum
757 2049 933 2143 privatum
951 2046 1108 2143 aliquam
1128 2047 1389 2122 accusationem
1412 2048 1468 2121 in-

353 2168 470 2240 ferens
485 2165 638 2239 Damoni
655 2163 721 2263 (1).
742 2193 758 2231 »
781 2164 983 2238 Artifieihus
1002 2185 1083 2238 vero
1096 2164 1247 2255 violatis,
1269 2163 1375 2261 culpa
1394 2188 1467 2239 non

353 2285 391 2357 iu
406 2290 587 2357 auctorem
602 2303 717 2354 unum
733 2279 851 2354 delicti
870 2280 1005 2370 recidit,
1029 2279 1091 2352 sed
1115 2281 1152 2353 in
1177 2281 1302 2356 urbem
1324 2304 1467 2379 quoque

352 2401 389 2473 in
410 2422 481 2496 qua
499 2398 693 2472 admissum
712 2396 818 2472 luerit
837 2396 1021 2470 delictum.

402 2515 455 2588 Er
481 2516 536 2588 his
563 2523 683 2589 autem
706 2519 801 2610 patet
828 2537 993 2610 maguam
1021 2513 1129 2585 luisse
1157 2515 1264 2588 etiam
1293 2538 1334 2588 ea
1364 2523 1466 2589 aetate

353 2633 647 2730 Amphiotionum
676 2631 747 2702 vim
780 2630 1098 2717 etauctoritatem,
1130 2631 1225 2703 etin
1252 2630 1466 2727 quibusdam

352 2748 458 2822 rebus
472 2755 506 2822 et
521 2746 744 2843 temporibus
759 2769 836 2819 vere
847 2768 1036 2819 commune
1053 2750 1259 2820 Graecorum
1275 2748 1465 2821 consilium

353 2864 538 2961 predicari
557 2863 722 2959 potuisse.
739 2865 908 2958 Magnum
933 2885 1017 2935 sane
1038 2861 1129 2935 illud
1151 2862 1243 2935 cives
1265 2865 1466 2938 communi-

354 2979 421 3054 bus
435 2979 645 3053 munerihus
662 2976 815 3053 terendis
831 2976 997 3067 liberare,
1017 2978 1225 3052 violatorem
1240 2979 1465 3055 decretorum

353 3096 498 3170 civitatis
514 3119 586 3168 suae
597 3092 734 3191 judicio
754 3093 891 3188 eripere
911 3100 945 3165 et
965 3084 1305 3168 hieromnemonum
1324 3103 1466 3172 senten-

324 3258 331 3264 ·
354 3213 412 3286 tiis
430 3210 676 3286 damnandum
699 3207 852 3298 tradere,
869 3215 975 3305 atque
990 3209 1098 3282 etiam
1113 3209 1194 3284 urbi
1211 3233 1291 3307 quae
1317 3212 1355 3285 in
1382 3237 1465 3311 agro

352 3351 418 3402 suo
436 3327 521 3401 talia
544 3327 675 3422 patrari
696 3325 814 3398 siverit
832 3323 1004 3398 mulctam
1025 3327 1191 3422 irrogare.
1219 3327 1300 3412 Sed,
1323 3335 1363 3400 ut
1383 3328 1466 3400 Del-

350 3443 448 3541 phici
468 3443 616 3532 oraculi,
639 3443 687 3515 ita
708 3442 986 3539 Amphictionici
1006 3442 1146 3516 consilii
1163 3445 1410 3518 auctoritatem
1427 3445 1465 3517 in

349 3559 458 3634 rebus
477 3561 582 3634 sacris
603 3558 706 3632 facile
724 3559 860 3654 accepit
880 3558 1028 3633 Graecia.
1051 3558 1146 3645 Quid
1163 3567 1283 3633 autem
1297 3562 1407 3656 magis
1420 3561 1464 3634 ad

351 3675 558 3772 religionem
573 3675 743 3771 pertinuit
768 3697 875 3770 quam
896 3697 1017 3748 secure
1038 3675 1192 3748 artifices
1211 3675 1254 3748 ad
1274 3675 1466 3773 placandos

350 3790 590 3886 colendosque
608 3788 694 3864 deos
711 3813 856 3887 operam
872 3789 1071 3863 civitatibus
1090 3791 1272 3887 praeheret
1291 3792 1384 3878 Quid
1398 3793 1466 3889 piis

350 3901 556 3982 hominibus
584 3905 726 4004 dignius
750 3929 858 4002 quam
884 3906 1038 3980 oraculis
1058 3907 1171 4004 Pythii
1194 3908 1370 4005 Apollinis
1397 3911 1465 3984 oh*

355 4025 477 4119 sequit

399 4135 607 4231 Congruens
622 4150 705 4206 cum
720 4132 903 4206 beneficiis
917 4133 1211 4229 Amphictionum
1226 4138 1338 4210 oratio
1348 4146 1383 4211 et
1393 4152 1463 4235 qtto

349 4240 480 4323 luerint
497 4249 617 4323 animo
640 4273 713 4323 non
734 4265 791 4322 res
811 4248 893 4322 solae
912 4248 973 4321 sed
992 4249 1068 4344 ipsa
1084 4249 1189 4324 verba
1204 4249 1463 4329 benevolentiae

349 4364 456 4459 plena
473 4364 681 4440 declarant:
706 4393 722 4432 «
744 4371 784 4438 ut
797 4364 938 4439 videant
963 4363 1197 4441 Athenienses
1218 4369 1358 4443 studere
1378 4373 1462 4445 Am·

389 4619 431 4704 (l)
450 4612 493 4686 Le
507 4623 578 4701 Bae,
594 4629 624 4686 θ’
637 4627 747 4703 portic,
763 4627 832 4686 84οι
