3736 5784
883 633 1059 695 -tot-

417 769 621 864 suscepisse.
663 769 725 841 His
760 769 1062 857 commemoratis,
1095 765 1195 839 addit
1232 792 1240 839 :
1280 770 1531 866 «Magistrum

415 887 461 956 M.
483 875 671 956 Aurelium
686 886 859 958 Musaeum
885 884 1002 980 quiet
1025 883 1217 971 Eortasius,
1243 882 1455 958 Sardianum
1476 909 1531 957 se-

415 1005 588 1087 natorem,
609 999 788 1095 Delphum
805 1006 1005 1074 senatorem
1020 1005 1053 1072 et
1069 998 1193 1071 Eleum
1217 1004 1252 1072 et
1270 1000 1531 1095 Aphrodisien-

414 1116 505 1188 sium
527 1140 708 1189 summum
727 1115 879 1199 scribam
896 1114 1130 1214 (consecravi)
1148 1116 1366 1190 honoratum
1380 1116 1424 1189 ab
1438 1116 1532 1190 Eleis

415 1238 450 1304 et
474 1232 621 1329 Delphis
651 1234 786 1321 statuis,
818 1234 977 1329 primum
1003 1241 1037 1307 et
1064 1232 1180 1306 solum
1211 1235 1327 1308 omnis
1350 1235 1530 1308 memoriae

414 1369 537 1419 eorum
558 1348 620 1443 qui
637 1348 882 1444 proclamandi
897 1356 1009 1421 artem
1027 1343 1232 1423 docuerunt
1250 1347 1349 1448 (1).»

463 1466 583 1536 Unum
603 1463 749 1537 titulum
770 1463 911 1554 addam,
930 1464 1128 1539 breviorem
1147 1466 1292 1562 quidem
1309 1463 1371 1538 sed
1388 1487 1429 1539 eo
1451 1488 1533 1538 ma-

414 1579 465 1676 gis
482 1580 635 1653 victoriis
654 1589 688 1653 et
706 1581 904 1654 honoribus
923 1581 1109 1654 refertum.
1128 1585 1242 1667 Quem
1258 1582 1296 1653 in
1317 1604 1463 1677 corpore
1478 1581 1532 1652 in-

416 1696 649 1793 scriptionum
674 1697 767 1770 male
785 1697 962 1788 habitum,
987 1701 1120 1794 Spartae
1138 1698 1255 1772 denuo
1275 1696 1479 1794 transcripsi
1500 1705 1534 1770 et

415 1810 613 1887 emendavi.
641 1843 658 1879 v
683 1815 811 1888 Civitas
836 1818 1101 1910 Smyrnaeorum
1127 1817 1164 1886 C.
1191 1812 1328 1887 Julium
1351 1813 1534 1887 lulianum

416 1952 521 2002 suum
547 1929 658 2003 civem
681 1932 742 2028 qui
762 1931 845 2004 vicit
869 1931 1048 2028 tragoedis,
1075 1931 1250 2004 Uraniade
1276 1930 1379 2003 tertia
1397 1927 1447 2027 (id
1471 1937 1533 2016 est,

415 2044 509 2118 ludis
530 2044 665 2142 Spartae
679 2047 716 2118 in
734 2048 909 2122 honorem
922 2047 1015 2121 lovis
1029 2047 1153 2120 Urauii
1171 2045 1336 2145 peractis)
1352 2053 1386 2120 et
1401 2046 1535 2142 Pythiis

416 2167 450 2233 et
473 2161 583 2233 Actiis
612 2168 647 2234 et
674 2163 712 2235 in
737 2163 989 2236 communibus
1015 2164 1107 2236 Asiae
1131 2171 1165 2236 et
1190 2162 1414 2236 Cretensium
1441 2160 1535 2234 ludis

417 2281 483 2364 ter,
500 2283 536 2349 et
550 2277 586 2348 in
608 2279 733 2350 ceteris
753 2278 1006 2352 certaminibus
1022 2276 1353 2376 quinquennalibus
1368 2283 1401 2350 et
1417 2279 1535 2351 triete·

418 2392 499 2464 ricis
520 2400 573 2466 ter
591 2400 735 2467 centum
752 2400 786 2466 et
801 2395 1045 2491 quadraginta,
1068 2395 1207 2468 civitate
1226 2395 1355 2468 donato
1378 2393 1414 2463 in
1435 2392 1534 2465 omni
1632 2447 1639 2460 .

418 2509 553 2582 Graecia
575 2517 609 2582 et
627 2510 833 2584 Macedonia
850 2516 885 2583 et
897 2510 1077 2584 Thessalia
1094 2508 1159 2609 (2)
1181 2540 1197 2578 u

467 2626 514 2696 Ex
537 2623 713 2698 artificum
738 2649 937 2722 gracorum
963 2625 1134 2724 dignitate
1158 2632 1192 2699 et
1214 2627 1342 2722 gratia,
1369 2623 1534 2698 nonnihil

418 2743 523 2816 etiam
551 2741 595 2816 ad
618 2744 810 2818 histriones
838 2745 969 2819 latinos
992 2745 1164 2841 pervenit.
1187 2746 1305 2831 Quum
1336 2745 1432 2817 enim
1459 2743 1536 2839 lege

417 2857 512 2930 lulia
524 2857 568 2931 ab
583 2860 681 2932 omni
702 2859 838 2935 honore
857 2868 891 2934 et
908 2860 1112 2957 magistratu
1128 2867 1310 2934 arceretur
1329 2859 1536 2956 quicunque

418 2979 531 3047 artem
553 2973 730 3049 ludicram
750 2984 941 3068 exerceret,
964 2977 1067 3050 annis
1090 2975 1292 3049 labentibus
1313 2999 1353 3049 ac
1375 2972 1536 3048 moribus

419 3089 580 3178 inversis,
607 3091 696 3164 adeo
717 3098 852 3166 mutata
872 3093 941 3165 luit
959 3092 1174 3164 histrionum
1195 3090 1352 3165 conditio
1375 3098 1413 3162 ut
1432 3088 1536 3185 vulgo

418 3204 545 3278 iisdem
580 3214 703 3280 statum
739 3210 960 3305 erigerentur
985 3215 1019 3280 et
1046 3208 1270 3304 magistratus
1297 3206 1532 3280 deterrentur.

420 3324 516 3396 Duos
535 3321 692 3419 integros
711 3324 835 3418 ‚titulos
854 3324 1014 3421 prolerre
1036 3323 1118 3396 satis
1137 3325 1213 3396 erit.
1238 3351 1253 3389 u
1271 3322 1364 3396 AElio
1385 3321 1536 3417 Augusti

418 3436 545 3511 liberto
561 3438 707 3513 Aurelio
721 3440 913 3536 Apolausto
926 3441 1145 3536 pantomimo
1161 3439 1409 3536 Augustalium
1424 3437 1536 3533 quin-

418 3554 654 3652 quennalium
674 3557 842 3653 agonista
858 3556 1028 3653 temporis
1047 3557 1101 3628 sui
1121 3556 1250 3651 primo,
1266 3553 1405 3629 colonia
1424 3551 1536 3625 Aure-

418 3670 466 3744 lia
482 3675 635 3768 Augusta
654 3673 714 3745 Pia
729 3674 937 3747 Canusium.
956 3671 1200 3746 Decurionum
1219 3670 1361 3745 decreto
1381 3666 1445 3767 (3).
1464 3697 1535 3734 v-

427 3783 1532 3886 «MarcoAurelioAugustorumliberto,AgilioSeptemtrioni,

418 3906 639 4001 pantomimo
658 3906 710 3979 sui
734 3907 903 4003 temporis
918 3906 1047 4002 primo,
1071 3905 1263 3980 hieronicae
1286 3904 1360 3978 solo
1385 3903 1422 3974 in
1447 3898 1535 3974 urbe

419 4027 588 4094 coronato
621 4021 814 4118 diapanton
843 4022 886 4097 ab
920 4022 1194 4119 imperatoribus
1220 4019 1376 4096 dominis
1404 4017 1535 4091 nostris
1635 4057 1636 4060 π

419 4139 545 4212 Severo
563 4143 597 4210 et
613 4139 794 4213 Antonino
813 4140 994 4236 Augustis,
1020 4139 1173 4236 parasito
1193 4137 1382 4235 Apollinis,
1401 4134 1535 4210 archie-

419 4254 470 4326 rei
490 4254 627 4352 synodi,
645 4256 758 4330 seviro
772 4256 971 4354 Augustali,
992 4257 1077 4329 huic
1092 4254 1292 4352 respublica
1304 4253 1531 4342 Praenestina,

458 4440 502 4520 (l)
523 4442 680 4520 Philistor,
695 4451 715 4505 t.
731 4446 754 4520 1,
766 4462 797 4526 p.
814 4449 885 4508 329.

458 4534 500 4615 (a)
521 4537 563 4597 Le
577 4535 637 4597 Bas
652 4544 683 4599 et
697 4541 843 4617 Foucart,
860 4540 951 4603 laser.
969 4539 1007 4601 da
1021 4537 1225 4620 Peloponneso,
1241 4540 1338 4602 trau.

457 4628 500 4708 (3)
520 4630 703 4708 Mommsen,
720 4629 926 4712 [ascriptiones
940 4633 1153 4714 Neapolitanae,
1172 4635 1240 4697 652·
