3736 5784
817 727 955 788 ..5..
1024 771 1028 778 ,

330 862 398 936 nisi
412 883 491 936 vere
510 859 646 957 aliquid
667 859 880 934 sacrosancti
899 858 1061 956 choragis
1079 859 1194 934 inesse
1207 859 1442 938 Athenienses

330 979 567 1077 putavissent?
597 975 690 1070 ¹Quid
709 981 814 1050 reus?
829 979 908 1050 Non
922 975 965 1050 do
980 977 1062 1072 jure
1086 975 1351 1072 disceptatum
1371 978 1440 1053 tale

330 1094 500 1169 delictum
519 1099 633 1167 morte
649 1115 721 1168 nou
736 1115 811 1166 esse
825 1093 998 1189 piandum
1012 1092 1206 1185 contendit,
1223 1092 1297 1183 sed,
1315 1093 1403 1168 conl
1426 1137 1443 1150 -

333 1211 430 1308 gieus
449 1211 494 1284 ad
507 1210 673 1307 argutias,
697 1209 972 1285 Demosthenem
986 1215 1126 1306 sponte,
1144 1233 1218 1284 non
1237 1216 1330 1284 sorte
1344 1209 1442 1284 desi-

331 1333 491 1423 gnatum,
501 1325 646 1424 choragi
660 1349 791 1399 munus
802 1325 951 1400 subiisse
961 1330 1144 1415 asseverat,
1160 1327 1441 1422 undeprivatum

330 1464 402 1515 nou
422 1440 607 1538 publicum
628 1441 812 1516 homiuem
826 1465 897 1537 ase
911 1439 1083 1514 violatum
1100 1439 1220 1530 luisse,
1241 1465 1316 1516 rem
1335 1448 1444 1516 totam

330 1560 374 1633 ad
383 1561 442 1657 jus
453 1581 646 1633 commuue
661 1556 918 1656 retrahenslt).
933 1559 983 1629 lix
996 1579 1067 1654 quo
1080 1557 1163 1631 satis
1175 1563 1271 1654 patet
1284 1559 1328 1630 de
1339 1581 1445 1656 poena

330 1678 412 1772 ipsa·
430 1675 706 1748 controversiam
738 1672 875 1746 nullam
900 1673 1034 1746 moveri
1057 1673 1227 1768 potuisse,
1251 1671 1317 1752 ,sed
1346 1674 1383 1746 in
1402 1696 1444 1748 eo

330 1791 452 1865 omnia
469 1790 598 1865 versari
612 1797 733 1863 utrum
756 1789 1012 1862 Demosthenes
1030 1789 1187 1884 privatus
1207 1788 1315 1863 homo
1339 1788 1445 1864 luerit

329 1931 375 1981 an
401 1903 568 2003 publicus
596 1905 727 1980 Bacchi
758 1904 932 1978 minister.
964 1906 1129 1978 Ceterum
1152 1905 1220 1979 hac
1242 1905 1319 2002 lege
1345 1905 1446 1980 nulla

330 2022 423 2120 apud
443 2023 680 2096 Athenienses
696 2021 851 2095 sanctior
864 2019 1103 2093 autvetustior
1117 2019 1236 2094 habita
1250 2025 1314 2109 est,
1333 2021 1444 2118 siqui-

330 2138 415 2219 dem
426 2138 571 2228 oratori,
591 2133 737 2211 nemine
754 2138 973 2226 adversante,
990 2135 1168 2209 affirmare
1182 2134 1284 2210 licuit
1305 2161 1313 2210 :
1341 2165 1358 2203 «
1375 2138 1443 2208 Ea·

330 2256 411 2331 dem
430 2261 482 2330 est
501 2255 558 2328 lex
577 2253 622 2330 do
639 2253 812 2350 mysteriis
831 2275 910 2350 quaa
927 2251 971 2326 de
991 2251 1177 2347 Dionysus,
1197 2257 1232 2325 et
1245 2249 1307 2325 illa
1324 2272 1445 2325 recen·

329 2373 400 2447 tius
415 2393 523 2468 qnam
538 2371 618 2444 haec
632 2370 702 2444 lata
714 2367 780 2468 (t).
801 2397 817 2436 »
1272 2361 1274 2366 ’

376 2488 431 2561 Ad
450 2487 529 2560 haec
551 2492 659 2559 tantae
683 2483 822 2581 pietatis
845 2483 882 2555 in
907 2480 1058 2557 colendo
1085 2482 1223 2557 Baccho
1244 2483 1444 2558 testimonia

328 2603 358 2677 si
377 2603 457 2700 quis
480 2601 637 2676 advertat
658 2599 831 2686 animum,
861 2599 1021 2694 prolecto
1048 2598 1174 2671 miuus·
1193 2598 1344 2672 miretur
1369 2605 1443 2674 tam

329 2720 503 2793 diversam
518 2718 624 2791 luisse
644 2715 739 2813 apud
754 2718 894 2791 Graecos
913 2722 947 2790 et
965 2713 1061 2811 apud
1080 2718 1257 2790 Romanos
1280 2716 1442 2790 scenico-

329 2857 410 2909 rum
430 2833 608 2908 artificum
623 2833 878 2919 conditionem,
894 2838 929 2905 et
941 2833 979 2905 in
1000 2831 1067 2906 hac
1086 2830 1323 2928 disputatione
1337 2831 1440 2906 facile

328 2951 517 3049 perspiciat
534 2974 608 3024 non
627 2949 733 3026 modo
749 2971 829 3046 quae
849 2948 968 3036 luerit,
986 2945 1046 3022 sed
1062 2947 1169 3020 etiam
1185 2947 1314 3045 quihus
1328 2948 1443 3022 causis

328 3068 498 3142 exstiterit
516 3090 640 3142 eorum
658 3066 891 3164 collegiorum
907 3070 1003 3139 tanta
1019 3065 1218 3139 aestimatio.

376 3189 463 3272 Quae
493 3184 537 3257 de
566 3182 775 3275 artificibus,
807 3190 888 3257 ante
920 3181 1111 3258 Alexandri
1141 3181 1260 3278 Magni
1286 3187 1439 3270 atatem,

327 3303 515 3399 scriptores
530 3301 754 3380 tradiderunt
777 3323 873 3374 nunc
897 3299 1031 3388 omitto,
1054 3298 1245 3395 singulam
1266 3306 1439 3394 tempore,

326 3427 433 3516 prout
456 3441 546 3515 opus
572 3417 651 3505 crit,
682 3418 907 3514 repetiturus.
939 3416 1004 3489 llla
1033 3422 1191 3512 tempora
1215 3415 1439 3511 potissimum

327 3542 534 3632 persecutus
558 3539 652 3624 sum,
676 3533 806 3630 quibus
832 3533 941 3629 viguit
964 3555 1019 3606 res
1042 3554 1165 3605 eorum
1185 3533 1248 3627 qui
1267 3533 1387 3604 Graece
1410 3535 1439 3600 οἱ

327 3655 392 3750 περὶ
417 3656 469 3723 τὸν
490 3653 632 3723 Διόνυσον
660 3662 819 3747 τεχνῖται,
845 3650 968 3723 Latine
1000 3649 1122 3721 scenici
1146 3647 1291 3734 artifices
1315 3646 1443 3720 dicun-

326 3777 387 3844 tur
407 3769 473 3869 (3).
490 3771 689 3864 Supersunt
708 3769 804 3841 enim
822 3789 895 3840 non
913 3766 1018 3863 pauci
1038 3763 1144 3852 tituli,
1173 3763 1234 3838 alii
1249 3763 1323 3862 jam
1342 3764 1441 3860 prius

327 3887 416 3977 noti,
434 3885 553 3983 plures
572 3884 629 3957 his
649 3883 848 3958 novissimis
873 3883 974 3956 annis
1000 3881 1136 3975 effossi,
1166 3903 1317 3978 quorum
1344 3901 1439 3954 uon-

326 4001 446 4078 nullos
466 4002 540 4100 ipse
563 3998 699 4097 publici
719 3999 810 4096 juris
838 3998 919 4089 leci,
937 3997 1123 4094 plerosque
1144 3997 1232 4095 typis
1246 3995 1441 4071 chartaceis

366 4251 409 4332 (l)
430 4249 604 4326 Demosth,
620 4249 651 4309 iu
664 4246 799 4333 Midrom,
817 4265 941 4326 argum.
957 4251 990 4308 et
1002 4249 1108 4308 ut-at.

365 4345 408 4426 (2)
431 4343 604 4422 Demosth,
618 4340 706 4415 ltin,
725 4345 793 4405 115.

368 4439 410 4517 (3)
431 4439 468 4499 ln
488 4437 713 4500 transferendis
732 4437 841 4517 graecis
859 4436 974 4512 verbio,
998 4437 1101 4498 Latini
1122 4435 1234 4497 Bacchi
1248 4435 1441 4496 mentionem

326 4533 510 4606 omiserunt,
535 4532 609 4613 quia
631 4535 739 4594 Roma
752 4550 803 4594 ros
816 4529 937 4592 ludicra
951 4548 1151 4611 nequaquam
1168 4548 1241 4592 oum
1260 4530 1345 4590 illius
1366 4529 1440 4590 reli-

326 4628 419 4707 gione
433 4627 599 4706 conjuncta
612 4626 686 4702 luit;
703 4644 798 4707 quam
812 4631 919 4700 tamen
933 4624 1170 4687 translationem
1183 4624 1279 4704 vulgo
1299 4644 1318 4686 a
1335 4623 1440 4685 latinis

327 4719 532 4800 scriptoribus
542 4725 726 4800 usurpatam
737 4720 770 4781 in
784 4719 843 4781 hac
856 4718 1066 4799 disputatione
1080 4718 1209 4782 retinui.
