3736 5784
738 737 899 796 -8·1..

259 889 346 965 pore
365 873 541 965 quaestum
561 866 656 966 fecit,
674 868 816 958 fecerit3
837 871 941 966 quive
962 868 1208 942 lanistaturam
1224 875 1378 943 artemve

259 985 435 1058 ludicram
455 983 583 1072 laciet3
603 986 707 1081 quive
721 985 942 1060 lenocinium
961 985 1095 1059 faciet»
1115 984 1167 1083 (l)

307 1103 427 1197 Longe
453 1099 522 1173 alia
549 1101 681 1174 exstitit
702 1125 783 1199 erga
805 1103 966 1176 scenicos
981 1123 1116 1198 graecos
1134 1103 1377 1175 Romanorum

258 1216 361 1304 ratio,
384 1217 487 1313 cujus
509 1214 640 1312 duplex
665 1240 770 1291 eausa
790 1218 881 1290 mihi
903 1217 1013 1291 luisse
1036 1217 1187 1291 videtur.
1217 1217 1377 1290 Primum

259 1335 356 1409 enirn
369 1357 411 1408 ea
425 1334 611 1408 sanctitate
627 1359 707 1431 quae
723 1336 818 1431 apud
834 1335 976 1409 Graecos
991 1336 1075 1408 huic
1094 1334 1245 1409 artifieio
1265 1335 1378 1407 inbae-

260 1451 370 1542 rebat,
392 1450 474 1524 illos
493 1459 608 1526 motos
623 1475 698 1525 esse
716 1452 943 1527 crediderim.
969 1456 1107 1538 Quanta
1128 1453 1257 1548 pietate
1274 1453 1379 1525 etiam

259 1575 424 1643 externas
441 1569 628 1666 religiones
643 1569 906 1644 observaverint
918 1569 1075 1643 declarat
1091 1569 1241 1665 epistola
1258 1592 1379 1666 quam,

263 1686 307 1758 de
323 1687 404 1782 jure
422 1685 521 1781 asyli,
544 1685 588 1758 ad
603 1685 705 1759 Teios
724 1690 863 1760 Marcus
883 1686 1044 1760 Valerius
1069 1697 1202 1781 praetor
1220 1685 1380 1782 publice,

260 1803 412 1877 nomine
431 1802 660 1876 tribunorum
676 1810 905 1899 senatusque,
926 1803 1092 1900 scripsit:
1113 1806 1211 1876 «Nos
1229 1803 1382 1877 inomni

263 1926 424 2014 tempore
447 1917 596 2014 plurimi
615 1941 698 2014 erga
719 1917 804 1992 deos
823 1919 991 2014 pietatem
1016 1917 1145 2007 facere,
1169 1919 1323 1993 maxime
1341 1943 1384 1992 ex

263 2059 305 2112 eo
323 2035 452 2132 aliquis
471 2034 647 2131 conjiciat,
666 2034 762 2132 quod
777 2034 823 2109 ob
838 2057 916 2109 earn
934 2057 1077 2108 causam
1098 2034 1380 2110 benevolentiam

264 2152 423 2225 numinis
443 2152 575 2248 experti
599 2175 741 2239 sumus;
765 2151 825 2225 sed
845 2159 879 2224 et
898 2174 940 2224 ex
956 2151 1035 2224 aliis
1049 2150 1213 2247 pluribus
1227 2175 1383 2248 persua·

264 2291 344 2341 sum
363 2266 538 2341 habemus
552 2266 777 2341 manifestam
793 2268 964 2342 exstitisse
981 2274 1138 2340 nostram
1158 2291 1241 2366 erga
1264 2268 1383 2343 divina

263 2383 496 2457 reverentiam
521 2381 589 2482 (2).
610 2412 626 2451 v
656 2384 803 2476 Deinde,
826 2408 940 2481 quum
959 2385 1109 2458 Romani
1129 2385 1381 2481 profiterentur

264 2525 300 2575 se
320 2505 526 2574 Graecorum
549 2499 724 2575 libertatis
752 2501 918 2574 adversus
939 2502 1036 2598 regia
1060 2501 1210 2597 imperia
1226 2501 1383 2575 vindices

267 2640 364 2690 mare
394 2617 573 2703 transisse,
604 2617 642 2690 id
670 2625 883 2692 curaverunt
912 2623 951 2690 ut
975 2639 1202 2715 quaecunque
1226 2619 1379 2715 speciem

264 2732 415 2807 redditae
429 2733 600 2807 libertatis
617 2733 818 2830 praeberent
837 2758 904 2808 nee
924 2734 1055 2808 futurae
1076 2735 1236 2831 ipsorum
1258 2736 1381 2810 domi-

265 2852 402 2924 nationi
421 2850 559 2924 obstare
581 2858 744 2946 possent,
769 2857 992 2925 servarentur
1010 2854 1062 2940 vel
1079 2858 1306 2947 augerentur.
1330 2856 1381 2926 Eo

220 2953 223 2958 λ
264 2965 425 3056 consilio,
446 2974 480 3040 et
496 2966 676 3039 lsthmicis
697 2964 792 3038 ludis
811 2965 955 3039 libertas
981 2988 1045 3061 per
1062 2990 1184 3040 vocem
1209 2968 1384 3063 praeconis

264 3083 495 3180 proclamata,
531 3090 565 3157 et
601 3083 932 3184 Amphictionicum
962 3083 1164 3172 consilium,
1198 3083 1384 3157 debellatis

264 3199 403 3291 AEtolis,
420 3201 455 3272 in
477 3200 662 3296 antiquam
679 3199 831 3272 formam
847 3199 1069 3286 restitutum3
1091 3199 1231 3289 eodem,
1251 3206 1286 3274 et
1306 3201 1383 3274 Fla-

269 3317 429 3390 mininus
460 3316 618 3405 Nemeis,
647 3322 794 3413 propter
823 3316 971 3389 insitum
999 3317 1129 3392 Graecis
1161 3319 1213 3392 rei
1236 3317 1383 3390 ludicrae

265 3433 439 3524 studium,
459 3432 617 3529 praefuit,
635 3438 670 3506 et
683 3439 797 3507 totum
817 3432 1040 3506 scenicorum
1052 3456 1165 3530 genus
1180 3458 1200 3509 a
1215 3433 1386 3508 Romanis

266 3550 519 3647 benignissime
535 3548 698 3623 habitum
713 3555 776 3622 est.

315 3665 515 3741 Verisimile
544 3673 596 3740 est
625 3665 895 3763 comprobatum
927 3666 1036 3741 luisse
1058 3665 1102 3740 ab
1131 3665 1205 3739 illis
1232 3666 1384 3742 alterum

266 3782 564 3879 Amphictionum
590 3783 771 3856 decretum
780 3808 788 3869 ;
815 3806 928 3878 quum
955 3783 1051 3856 enim
1075 3783 1113 3854 in
1137 3782 1209 3856 fine
1235 3782 1386 3857 addatur

275 3900 379 3973 «Nisi
395 3897 482 3995 quid
502 3899 670 3972 Romanis
690 3900 910 3972 contrarium
929 3900 974 3972 sit
994 3899 1043 3994 (3)
1056 3928 1094 3989 v,
1117 3899 1200 3973 satis
1224 3907 1381 3996 apparet,

266 4041 338 4092 non
354 4017 422 4090 nisi
437 4017 489 4090 eis
503 4014 756 4106 annuentibus,
780 3999 964 4113 privilegia
984 4016 1162 4089 artificum
1180 4019 1384 4092 confirmari

265 4135 432 4232 potuisse.
467 4136 507 4205 ln
538 4131 652 4205 tribus
684 4133 791 4206 etiam
817 4131 896 4206 aliis
930 4131 1058 4205 laceris
1090 4132 1384 4230 Amphictionum

267 4251 431 4342 decretis,
455 4275 536 4349 quae
551 4249 596 4325 ad
616 4252 774 4326 scenicos
795 4251 948 4325 artifices
968 4241 1162 4346 pertinent,
1193 4252 1326 4327 mentio
1344 4253 1385 4325 fit

308 4461 347 4543 ll)
370 4461 485 4541 Corpus
499 4460 586 4522 inser.
601 4460 667 4538 lot,
685 4467 709 4521 t.
727 4461 752 4536 I,
769 4464 839 4535 206,
853 4461 875 4521 1.
892 4462 961 4522 lta.

308 4557 350 4636 (2)
371 4559 414 4616 Le
428 4557 489 4616 Bas
503 4561 534 4616 et
547 4556 774 4634 Waddington,
790 4554 886 4618 laser.
902 4551 1159 4631 d'Asc'e-Miacure,
1173 4555 1225 4615 60.

307 4648 362 4818 (3)ἦ
372 4652 503 4711 Decreta
527 4650 795 4730 Amphictionum,
814 4650 837 4714 l.
859 4653 909 4725 94,
935 4648 979 4708 ἐὰν
1004 4648 1041 4726 μή
1062 4673 1088 4707 τι
1108 4646 1253 4728 Ῥωμαίοις
1272 4649 1383 4708 ὓπενάν-

268 4767 323 4804 ¹le
366 4767 384 4806 l·
