<?xml version="1.0" encoding="UTF-8"?>
<!DOCTYPE html PUBLIC "-//W3C//DTD XHTML 1.0 Transitional//EN"
    "http://www.w3.org/TR/xhtml1/DTD/xhtml1-transitional.dtd">
<html xmlns="http://www.w3.org/1999/xhtml" xml:lang="en" lang="en">
 <head>
  <title>
</title>
<meta http-equiv="Content-Type" content="text/html;charset=utf-8" />
  <meta name='ocr-system' content='tesseract 3.04.00' />
  <meta name='ocr-capabilities' content='ocr_page ocr_carea ocr_par ocr_line ocrx_word'/>
</head>
<body>
  <div class='ocr_page' id='page_1' title='image "./decollegiisscen01foucgoog_0113.png"; bbox 0 0 3736 5784; ppageno 0'>
   <div class='ocr_carea' id='block_1_1' title="bbox 925 689 1107 752">
    <p class='ocr_par' dir='ltr' id='par_1_1' title="bbox 925 689 1107 752">
     <span class='ocr_line' id='line_1_1' title="bbox 925 689 1107 752; baseline -0.011 -16"><span class='ocrx_word' id='word_1_1' title='bbox 925 689 1107 752; x_wconf 73' lang='lat'>..100-</span> 
     </span>
    </p>
   </div>
   <div class='ocr_carea' id='block_1_2' title="bbox 455 821 1575 3946">
    <p class='ocr_par' dir='ltr' id='par_1_2' title="bbox 460 821 1575 1503">
     <span class='ocr_line' id='line_1_2' title="bbox 461 821 1573 923; baseline -0.001 -24"><span class='ocrx_word' id='word_1_2' title='bbox 461 825 676 912; x_wconf 85' lang='lat' dir='ltr'><strong>Actionices,</strong></span> <span class='ocrx_word' id='word_1_3' title='bbox 694 847 713 898; x_wconf 87' lang='lat' dir='ltr'><strong>e.</strong></span> <span class='ocrx_word' id='word_1_4' title='bbox 728 847 826 900; x_wconf 88' lang='lat' dir='ltr'><strong>sacra</strong></span> <span class='ocrx_word' id='word_1_5' title='bbox 840 825 973 922; x_wconf 75' lang='lat' dir='ltr'><strong>synodo</strong></span> <span class='ocrx_word' id='word_1_6' title='bbox 992 831 1027 899; x_wconf 92' lang='lat' dir='ltr'><strong>et</strong></span> <span class='ocrx_word' id='word_1_7' title='bbox 1040 821 1290 922; x_wconf 91' lang='lat' dir='ltr'><strong>periodonices</strong></span> <span class='ocrx_word' id='word_1_8' title='bbox 1314 822 1379 923; x_wconf 83' lang='grc'>(1).</span> <span class='ocrx_word' id='word_1_9' title='bbox 1405 825 1573 922; x_wconf 83' lang='lat' dir='ltr'>Neapoli-</span> 
     </span>
     <span class='ocr_line' id='line_1_3' title="bbox 460 938 1575 1038; baseline 0 -24"><span class='ocrx_word' id='word_1_10' title='bbox 460 942 557 1029; x_wconf 73' lang='lat' dir='ltr'><strong>tani,</strong></span> <span class='ocrx_word' id='word_1_11' title='bbox 586 945 728 1014; x_wconf 89' lang='lat' dir='ltr'><strong>senatus</strong></span> <span class='ocrx_word' id='word_1_12' title='bbox 753 947 788 1014; x_wconf 83' lang='lat' dir='ltr'><strong>et</strong></span> <span class='ocrx_word' id='word_1_13' title='bbox 811 940 936 1038; x_wconf 91' lang='lat' dir='ltr'><strong>populi</strong></span> <span class='ocrx_word' id='word_1_14' title='bbox 959 938 1115 1026; x_wconf 90' lang='lat' dir='ltr'><strong>decreto,</strong></span> <span class='ocrx_word' id='word_1_15' title='bbox 1149 943 1298 1012; x_wconf 89' lang='lat' dir='ltr'><strong>statuam</strong></span> <span class='ocrx_word' id='word_1_16' title='bbox 1324 948 1575 1015; x_wconf 87' lang='lat' dir='ltr'><strong>consecrarunt</strong></span> 
     </span>
     <span class='ocr_line' id='line_1_4' title="bbox 460 1056 1575 1155; baseline -0.002 -21"><span class='ocrx_word' id='word_1_17' title='bbox 460 1057 617 1134; x_wconf 91' lang='lat' dir='ltr'><strong>tibicinis</strong></span> <span class='ocrx_word' id='word_1_18' title='bbox 636 1061 674 1130; x_wconf 93' lang='lat' dir='ltr'><strong>P.</strong></span> <span class='ocrx_word' id='word_1_19' title='bbox 700 1057 784 1132; x_wconf 82' lang='lat' dir='ltr'><strong>AElii</strong></span> <span class='ocrx_word' id='word_1_20' title='bbox 802 1056 1029 1155; x_wconf 81' lang='lat' dir='ltr'><strong>Antigenidae</strong></span> <span class='ocrx_word' id='word_1_21' title='bbox 1053 1057 1335 1147; x_wconf 91' lang='lat' dir='ltr'><strong>Nicomedensis,</strong></span> <span class='ocrx_word' id='word_1_22' title='bbox 1362 1059 1493 1130; x_wconf 91' lang='lat' dir='ltr'><strong>summi</strong></span> <span class='ocrx_word' id='word_1_23' title='bbox 1521 1082 1575 1133; x_wconf 89' lang='lat' dir='ltr'><strong>sa-</strong></span> 
     </span>
     <span class='ocr_line' id='line_1_5' title="bbox 460 1172 1572 1271; baseline -0.004 -20"><span class='ocrx_word' id='word_1_24' title='bbox 460 1198 529 1252; x_wconf 82' lang='lat' dir='ltr'><strong>crae</strong></span> <span class='ocrx_word' id='word_1_25' title='bbox 552 1172 678 1271; x_wconf 78' lang='lat' dir='ltr'>synodi</span> <span class='ocrx_word' id='word_1_26' title='bbox 702 1173 914 1262; x_wconf 88' lang='lat' dir='ltr'><strong>sacerdotis,</strong></span> <span class='ocrx_word' id='word_1_27' title='bbox 937 1173 1061 1247; x_wconf 92' lang='lat' dir='ltr'><strong>multis</strong></span> <span class='ocrx_word' id='word_1_28' title='bbox 1080 1174 1117 1245; x_wconf 94' lang='lat' dir='ltr'><strong>in</strong></span> <span class='ocrx_word' id='word_1_29' title='bbox 1136 1172 1391 1246; x_wconf 81' lang='lat' dir='ltr'><strong>certaminibus</strong></span> <span class='ocrx_word' id='word_1_30' title='bbox 1421 1174 1572 1260; x_wconf 89' lang='lat' dir='ltr'><strong>victoris,</strong></span> 
     </span>
     <span class='ocr_line' id='line_1_6' title="bbox 460 1289 1574 1389; baseline 0.001 -25"><span class='ocrx_word' id='word_1_31' title='bbox 460 1291 521 1389; x_wconf 91' lang='lat' dir='ltr'><strong>qui</strong></span> <span class='ocrx_word' id='word_1_32' title='bbox 539 1290 782 1387; x_wconf 88' lang='lat' dir='ltr'><strong>Neapolitanae</strong></span> <span class='ocrx_word' id='word_1_33' title='bbox 797 1290 928 1364; x_wconf 86' lang='lat' dir='ltr'><strong>civitati</strong></span> <span class='ocrx_word' id='word_1_34' title='bbox 942 1290 1152 1386; x_wconf 91' lang='lat' dir='ltr'><strong>adscriptus,</strong></span> <span class='ocrx_word' id='word_1_35' title='bbox 1168 1289 1263 1385; x_wconf 89' lang='lat' dir='ltr'><strong>apud</strong></span> <span class='ocrx_word' id='word_1_36' title='bbox 1282 1290 1377 1386; x_wconf 92' lang='lat' dir='ltr'><strong>ipsos</strong></span> <span class='ocrx_word' id='word_1_37' title='bbox 1390 1289 1574 1365; x_wconf 83' lang='lat' dir='ltr'><strong>demarchi</strong></span> 
     </span>
     <span class='ocr_line' id='line_1_7' title="bbox 461 1403 993 1503; baseline -0.008 -21"><span class='ocrx_word' id='word_1_38' title='bbox 461 1429 610 1482; x_wconf 88' lang='lat' dir='ltr'><strong>munere</strong></span> <span class='ocrx_word' id='word_1_39' title='bbox 628 1405 771 1480; x_wconf 89' lang='lat' dir='ltr'><strong>functus</strong></span> <span class='ocrx_word' id='word_1_40' title='bbox 788 1406 904 1479; x_wconf 89' lang='lat' dir='ltr'><strong>luerat</strong></span> <span class='ocrx_word' id='word_1_41' title='bbox 927 1403 993 1503; x_wconf 66' lang='grc' dir='ltr'><strong>(Ξ)</strong></span> 
     </span>
    </p>

    <p class='ocr_par' dir='ltr' id='par_1_3' title="bbox 457 1520 1575 2659">
     <span class='ocr_line' id='line_1_8' title="bbox 508 1520 1574 1620; baseline 0 -24"><span class='ocrx_word' id='word_1_42' title='bbox 508 1521 613 1596; x_wconf 85' lang='lat' dir='ltr'><strong>Aucti</strong></span> <span class='ocrx_word' id='word_1_43' title='bbox 645 1520 701 1594; x_wconf 91' lang='lat' dir='ltr'><strong>his</strong></span> <span class='ocrx_word' id='word_1_44' title='bbox 725 1520 924 1595; x_wconf 81' lang='lat' dir='ltr'><strong>honoribus</strong></span> <span class='ocrx_word' id='word_1_45' title='bbox 955 1521 1132 1595; x_wconf 86' lang='lat' dir='ltr'><strong>artificum</strong></span> <span class='ocrx_word' id='word_1_46' title='bbox 1161 1522 1271 1595; x_wconf 87' lang='lat' dir='ltr'><strong>animi</strong></span> <span class='ocrx_word' id='word_1_47' title='bbox 1298 1529 1331 1596; x_wconf 93' lang='lat' dir='ltr'><strong>et</strong></span> <span class='ocrx_word' id='word_1_48' title='bbox 1359 1523 1574 1620; x_wconf 82' lang='lat' dir='ltr'><strong>excogitatus</strong></span> 
     </span>
     <span class='ocr_line' id='line_1_9' title="bbox 461 1636 1575 1735; baseline 0.003 -24"><span class='ocrx_word' id='word_1_49' title='bbox 461 1661 634 1713; x_wconf 87' lang='lat' dir='ltr'><strong>novorum</strong></span> <span class='ocrx_word' id='word_1_50' title='bbox 661 1636 917 1712; x_wconf 87' lang='lat' dir='ltr'><strong>vocabulorum</strong></span> <span class='ocrx_word' id='word_1_51' title='bbox 944 1639 1071 1730; x_wconf 89' lang='lat' dir='ltr'><strong>lastus,</strong></span> <span class='ocrx_word' id='word_1_52' title='bbox 1096 1637 1227 1735; x_wconf 92' lang='lat' dir='ltr'><strong>quibus</strong></span> <span class='ocrx_word' id='word_1_53' title='bbox 1249 1639 1475 1715; x_wconf 86' lang='lat' dir='ltr'><strong>victoriarum</strong></span> <span class='ocrx_word' id='word_1_54' title='bbox 1500 1663 1575 1714; x_wconf 93' lang='lat' dir='ltr'><strong>me-</strong></span> 
     </span>
     <span class='ocr_line' id='line_1_10' title="bbox 461 1754 1574 1853; baseline -0.001 -24"><span class='ocrx_word' id='word_1_55' title='bbox 461 1755 575 1830; x_wconf 93' lang='lat' dir='ltr'><strong>moria</strong></span> <span class='ocrx_word' id='word_1_56' title='bbox 589 1755 801 1852; x_wconf 79' lang='lat' dir='ltr'><strong>signaretur.</strong></span> <span class='ocrx_word' id='word_1_57' title='bbox 825 1755 1047 1846; x_wconf 90' lang='lat' dir='ltr'><strong>Hieronices,</strong></span> <span class='ocrx_word' id='word_1_58' title='bbox 1064 1754 1303 1853; x_wconf 92' lang='lat' dir='ltr'><strong>pleistonices,</strong></span> <span class='ocrx_word' id='word_1_59' title='bbox 1326 1756 1445 1853; x_wconf 91' lang='lat' dir='ltr'><strong>quiin</strong></span> <span class='ocrx_word' id='word_1_60' title='bbox 1468 1758 1574 1830; x_wconf 89' lang='lat' dir='ltr'><strong>sacris</strong></span> 
     </span>
     <span class='ocr_line' id='line_1_11' title="bbox 459 1869 1571 1970; baseline 0 -24"><span class='ocrx_word' id='word_1_61' title='bbox 459 1879 521 1946; x_wconf 89' lang='lat' dir='ltr'><strong>aut</strong></span> <span class='ocrx_word' id='word_1_62' title='bbox 553 1873 591 1944; x_wconf 96' lang='lat' dir='ltr'><strong>in</strong></span> <span class='ocrx_word' id='word_1_63' title='bbox 626 1869 748 1943; x_wconf 90' lang='lat' dir='ltr'><strong>multis</strong></span> <span class='ocrx_word' id='word_1_64' title='bbox 775 1869 869 1945; x_wconf 90' lang='lat' dir='ltr'><strong>ludis</strong></span> <span class='ocrx_word' id='word_1_65' title='bbox 901 1873 1001 1960; x_wconf 82' lang='lat' dir='ltr'><strong>vicit3</strong></span> <span class='ocrx_word' id='word_1_66' title='bbox 1041 1872 1254 1960; x_wconf 81' lang='lat' dir='ltr'><strong>Actionices,</strong></span> <span class='ocrx_word' id='word_1_67' title='bbox 1285 1873 1571 1970; x_wconf 79' lang='lat' dir='ltr'><strong>capitolionices,</strong></span> 
     </span>
     <span class='ocr_line' id='line_1_12' title="bbox 460 1986 1575 2084; baseline 0 -22"><span class='ocrx_word' id='word_1_68' title='bbox 460 1989 662 2076; x_wconf 84' lang='lat' dir='ltr'><strong>Asianices,</strong></span> <span class='ocrx_word' id='word_1_69' title='bbox 685 1987 803 2083; x_wconf 89' lang='lat' dir='ltr'><strong>quiin</strong></span> <span class='ocrx_word' id='word_1_70' title='bbox 823 1986 917 2060; x_wconf 94' lang='lat' dir='ltr'><strong>ludis</strong></span> <span class='ocrx_word' id='word_1_71' title='bbox 939 1987 1062 2076; x_wconf 86' lang='lat' dir='ltr'><strong>Actiis,</strong></span> <span class='ocrx_word' id='word_1_72' title='bbox 1090 1987 1128 2058; x_wconf 95' lang='lat' dir='ltr'><strong>in</strong></span> <span class='ocrx_word' id='word_1_73' title='bbox 1153 1987 1374 2084; x_wconf 64' lang='lat' dir='ltr'><strong>Capitolinis</strong></span> <span class='ocrx_word' id='word_1_74' title='bbox 1404 1989 1441 2062; x_wconf 91' lang='lat' dir='ltr'><strong>in</strong></span> <span class='ocrx_word' id='word_1_75' title='bbox 1469 2012 1575 2078; x_wconf 52' lang='lat' dir='ltr'><strong>com,-</strong></span> 
     </span>
     <span class='ocr_line' id='line_1_13' title="bbox 460 2102 1575 2200; baseline 0.001 -22"><span class='ocrx_word' id='word_1_76' title='bbox 460 2103 631 2178; x_wconf 91' lang='lat' dir='ltr'><strong>munibus</strong></span> <span class='ocrx_word' id='word_1_77' title='bbox 645 2102 751 2190; x_wconf 78' lang='lat' dir='ltr'><strong>Asia,</strong></span> <span class='ocrx_word' id='word_1_78' title='bbox 770 2108 913 2200; x_wconf 90' lang='lat' dir='ltr'><strong>propter</strong></span> <span class='ocrx_word' id='word_1_79' title='bbox 926 2103 1090 2177; x_wconf 85' lang='lat' dir='ltr'><strong>eximiam</strong></span> <span class='ocrx_word' id='word_1_80' title='bbox 1106 2125 1228 2176; x_wconf 89' lang='lat' dir='ltr'><strong>earum</strong></span> <span class='ocrx_word' id='word_1_81' title='bbox 1248 2103 1472 2178; x_wconf 89' lang='lat' dir='ltr'><strong>victoriarum</strong></span> <span class='ocrx_word' id='word_1_82' title='bbox 1495 2105 1575 2179; x_wconf 88' lang='lat' dir='ltr'><strong>lau-</strong></span> 
     </span>
     <span class='ocr_line' id='line_1_14' title="bbox 458 2218 1574 2317; baseline 0.001 -24"><span class='ocrx_word' id='word_1_83' title='bbox 458 2219 561 2311; x_wconf 90' lang='lat' dir='ltr'><strong>dem;</strong></span> <span class='ocrx_word' id='word_1_84' title='bbox 592 2218 851 2317; x_wconf 87' lang='lat' dir='ltr'><strong>periodonices‚</strong></span> <span class='ocrx_word' id='word_1_85' title='bbox 891 2221 953 2315; x_wconf 92' lang='lat' dir='ltr'><strong>qui</strong></span> <span class='ocrx_word' id='word_1_86' title='bbox 986 2219 1024 2292; x_wconf 95' lang='lat' dir='ltr'><strong>in</strong></span> <span class='ocrx_word' id='word_1_87' title='bbox 1065 2225 1219 2316; x_wconf 87' lang='lat' dir='ltr'><strong>quatuor</strong></span> <span class='ocrx_word' id='word_1_88' title='bbox 1252 2221 1390 2317; x_wconf 82' lang='lat' dir='ltr'><strong>magnis</strong></span> <span class='ocrx_word' id='word_1_89' title='bbox 1429 2223 1574 2296; x_wconf 86' lang='lat' dir='ltr'><strong>Graeciae</strong></span> 
     </span>
     <span class='ocr_line' id='line_1_15' title="bbox 457 2333 1571 2434; baseline 0.001 -24"><span class='ocrx_word' id='word_1_90' title='bbox 457 2336 552 2410; x_wconf 93' lang='lat' dir='ltr'><strong>ludis</strong></span> <span class='ocrx_word' id='word_1_91' title='bbox 569 2335 726 2434; x_wconf 88' lang='lat' dir='ltr'><strong>palmam</strong></span> <span class='ocrx_word' id='word_1_92' title='bbox 758 2333 880 2409; x_wconf 92' lang='lat' dir='ltr'><strong>retulit</strong></span> <span class='ocrx_word' id='word_1_93' title='bbox 910 2333 960 2434; x_wconf 84' lang='lat'><strong>(3)</strong></span> <span class='ocrx_word' id='word_1_94' title='bbox 970 2362 979 2424; x_wconf 94' lang='lat'>;</span> <span class='ocrx_word' id='word_1_95' title='bbox 1006 2341 1067 2408; x_wconf 93' lang='lat' dir='ltr'><strong>aut</strong></span> <span class='ocrx_word' id='word_1_96' title='bbox 1095 2337 1281 2432; x_wconf 86' lang='lat' dir='ltr'><strong>separatim</strong></span> <span class='ocrx_word' id='word_1_97' title='bbox 1310 2335 1571 2433; x_wconf 81' lang='lat' dir='ltr'><strong>Olympionica,</strong></span> 
     </span>
     <span class='ocr_line' id='line_1_16' title="bbox 460 2450 1572 2551; baseline 0.001 -26"><span class='ocrx_word' id='word_1_98' title='bbox 460 2454 682 2551; x_wconf 78' lang='lat' dir='ltr'><strong>l&#39;ythionica,</strong></span> <span class='ocrx_word' id='word_1_99' title='bbox 700 2459 768 2527; x_wconf 89' lang='lat' dir='ltr'><strong>etc.</strong></span> <span class='ocrx_word' id='word_1_100' title='bbox 792 2452 947 2527; x_wconf 89' lang='lat' dir='ltr'><strong>Victoria</strong></span> <span class='ocrx_word' id='word_1_101' title='bbox 965 2451 1170 2550; x_wconf 88' lang='lat' dir='ltr'><strong>diapanton‚</strong></span> <span class='ocrx_word' id='word_1_102' title='bbox 1188 2450 1231 2526; x_wconf 95' lang='lat' dir='ltr'><strong>de</strong></span> <span class='ocrx_word' id='word_1_103' title='bbox 1257 2476 1328 2548; x_wconf 89' lang='lat' dir='ltr'><strong>qua</strong></span> <span class='ocrx_word' id='word_1_104' title='bbox 1351 2455 1572 2527; x_wconf 88' lang='lat' dir='ltr'><strong>mentionem</strong></span> 
     </span>
     <span class='ocr_line' id='line_1_17' title="bbox 457 2569 1011 2659; baseline -0.004 -16"><span class='ocrx_word' id='word_1_105' title='bbox 457 2571 539 2659; x_wconf 88' lang='lat' dir='ltr'><strong>feci,</strong></span> <span class='ocrx_word' id='word_1_106' title='bbox 553 2569 684 2643; x_wconf 83' lang='lat' dir='ltr'><strong>‘sedulo</strong></span> <span class='ocrx_word' id='word_1_107' title='bbox 699 2574 1011 2644; x_wconf 86' lang='lat' dir='ltr'><strong>commemoratur.</strong></span> 
     </span>
    </p>

    <p class='ocr_par' dir='ltr' id='par_1_4' title="bbox 455 2684 1575 3946">
     <span class='ocr_line' id='line_1_18' title="bbox 507 2684 1575 2782; baseline 0.002 -24"><span class='ocrx_word' id='word_1_108' title='bbox 507 2686 587 2760; x_wconf 81' lang='lat' dir='ltr'><strong>Alia</strong></span> <span class='ocrx_word' id='word_1_109' title='bbox 605 2688 701 2782; x_wconf 89' lang='lat' dir='ltr'><strong>apud</strong></span> <span class='ocrx_word' id='word_1_110' title='bbox 722 2686 810 2760; x_wconf 92' lang='lat' dir='ltr'><strong>alios</strong></span> <span class='ocrx_word' id='word_1_111' title='bbox 827 2684 986 2760; x_wconf 88' lang='lat' dir='ltr'><strong>ambitio.</strong></span> <span class='ocrx_word' id='word_1_112' title='bbox 1009 2686 1074 2758; x_wconf 90' lang='lat' dir='ltr'><strong>Hic</strong></span> <span class='ocrx_word' id='word_1_113' title='bbox 1089 2684 1297 2758; x_wconf 87' lang='lat' dir='ltr'><strong>inscribitur</strong></span> <span class='ocrx_word' id='word_1_114' title='bbox 1315 2685 1464 2759; x_wconf 91' lang='lat' dir='ltr'><strong>Publius</strong></span> <span class='ocrx_word' id='word_1_115' title='bbox 1483 2688 1575 2760; x_wconf 85' lang='lat' dir='ltr'><strong>Sex-</strong></span> 
     </span>
     <span class='ocr_line' id='line_1_19' title="bbox 457 2796 1574 2896; baseline 0 -24"><span class='ocrx_word' id='word_1_116' title='bbox 457 2798 568 2891; x_wconf 83' lang='lat' dir='ltr'><strong>tilius,</strong></span> <span class='ocrx_word' id='word_1_117' title='bbox 582 2798 699 2872; x_wconf 92' lang='lat' dir='ltr'><strong>Publii</strong></span> <span class='ocrx_word' id='word_1_118' title='bbox 711 2798 819 2888; x_wconf 86' lang='lat' dir='ltr'><strong>filius,</strong></span> <span class='ocrx_word' id='word_1_119' title='bbox 838 2798 1050 2885; x_wconf 88' lang='lat' dir='ltr'><strong>Demetrius,</strong></span> <span class='ocrx_word' id='word_1_120' title='bbox 1069 2797 1245 2895; x_wconf 79' lang='lat' dir='ltr'><strong>tragoedus</strong></span> <span class='ocrx_word' id='word_1_121' title='bbox 1261 2798 1412 2871; x_wconf 85' lang='lat' dir='ltr'><strong>invictus</strong></span> <span class='ocrx_word' id='word_1_122' title='bbox 1423 2796 1496 2896; x_wconf 76' lang='lat' dir='ltr'><strong>(l);</strong></span> <span class='ocrx_word' id='word_1_123' title='bbox 1512 2798 1574 2872; x_wconf 90' lang='lat' dir='ltr'><strong>ille</strong></span> 
     </span>
     <span class='ocr_line' id='line_1_20' title="bbox 457 2914 1571 3014; baseline -0.001 -22"><span class='ocrx_word' id='word_1_124' title='bbox 457 2919 494 2992; x_wconf 95' lang='lat' dir='ltr'><strong>in</strong></span> <span class='ocrx_word' id='word_1_125' title='bbox 515 2915 680 3014; x_wconf 89' lang='lat' dir='ltr'><strong>pluribus</strong></span> <span class='ocrx_word' id='word_1_126' title='bbox 700 2915 835 2991; x_wconf 88' lang='lat' dir='ltr'><strong>artibus</strong></span> <span class='ocrx_word' id='word_1_127' title='bbox 855 2916 982 3012; x_wconf 92' lang='lat' dir='ltr'><strong>palmis</strong></span> <span class='ocrx_word' id='word_1_128' title='bbox 999 2915 1118 2990; x_wconf 92' lang='lat' dir='ltr'><strong>relatis</strong></span> <span class='ocrx_word' id='word_1_129' title='bbox 1137 2914 1310 3013; x_wconf 88' lang='lat' dir='ltr'><strong>superbit,</strong></span> <span class='ocrx_word' id='word_1_130' title='bbox 1327 2915 1434 2989; x_wconf 92' lang='lat' dir='ltr'><strong>simul</strong></span> <span class='ocrx_word' id='word_1_131' title='bbox 1453 2939 1571 3012; x_wconf 90' lang='lat' dir='ltr'><strong>praeco</strong></span> 
     </span>
     <span class='ocr_line' id='line_1_21' title="bbox 457 3029 1572 3131; baseline -0.003 -22"><span class='ocrx_word' id='word_1_132' title='bbox 457 3040 491 3109; x_wconf 88' lang='lat' dir='ltr'><strong>et</strong></span> <span class='ocrx_word' id='word_1_133' title='bbox 511 3033 697 3108; x_wconf 91' lang='lat' dir='ltr'><strong>comoedus</strong></span> <span class='ocrx_word' id='word_1_134' title='bbox 717 3031 768 3131; x_wconf 86' lang='lat'><strong>(5)</strong></span> <span class='ocrx_word' id='word_1_135' title='bbox 779 3058 788 3121; x_wconf 94' lang='lat'>;</span> <span class='ocrx_word' id='word_1_136' title='bbox 814 3031 918 3129; x_wconf 84' lang='lat' dir='ltr'><strong>plura</strong></span> <span class='ocrx_word' id='word_1_137' title='bbox 945 3033 1051 3106; x_wconf 92' lang='lat' dir='ltr'><strong>etiam</strong></span> <span class='ocrx_word' id='word_1_138' title='bbox 1071 3056 1200 3130; x_wconf 85' lang='lat' dir='ltr'><strong>genera</strong></span> <span class='ocrx_word' id='word_1_139' title='bbox 1216 3032 1330 3130; x_wconf 82' lang='lat' dir='ltr'><strong>attigit</strong></span> <span class='ocrx_word' id='word_1_140' title='bbox 1348 3029 1494 3128; x_wconf 87' lang='lat' dir='ltr'><strong>quidam</strong></span> <span class='ocrx_word' id='word_1_141' title='bbox 1511 3035 1572 3130; x_wconf 93' lang='lat' dir='ltr'><strong>qui</strong></span> 
     </span>
     <span class='ocr_line' id='line_1_22' title="bbox 457 3148 1574 3246; baseline -0.002 -21"><span class='ocrx_word' id='word_1_142' title='bbox 457 3173 606 3226; x_wconf 88' lang='lat' dir='ltr'><strong>coronas</strong></span> <span class='ocrx_word' id='word_1_143' title='bbox 624 3173 645 3224; x_wconf 95' lang='lat' dir='ltr'><strong>a</strong></span> <span class='ocrx_word' id='word_1_144' title='bbox 665 3173 702 3222; x_wconf 90' lang='lat' dir='ltr'><strong>se</strong></span> <span class='ocrx_word' id='word_1_145' title='bbox 723 3155 839 3246; x_wconf 87' lang='lat' dir='ltr'><strong>partas</strong></span> <span class='ocrx_word' id='word_1_146' title='bbox 860 3149 973 3245; x_wconf 75' lang='lat' dir='ltr'><strong>Cyzici</strong></span> <span class='ocrx_word' id='word_1_147' title='bbox 998 3150 1186 3236; x_wconf 82' lang='lat' dir='ltr'><strong>comoedis3</strong></span> <span class='ocrx_word' id='word_1_148' title='bbox 1218 3148 1381 3246; x_wconf 84' lang='lat' dir='ltr'><strong>Pergami</strong></span> <span class='ocrx_word' id='word_1_149' title='bbox 1404 3156 1438 3222; x_wconf 86' lang='lat' dir='ltr'><strong>et</strong></span> <span class='ocrx_word' id='word_1_150' title='bbox 1462 3150 1574 3223; x_wconf 89' lang='lat' dir='ltr'><strong>Nico-</strong></span> 
     </span>
     <span class='ocr_line' id='line_1_23' title="bbox 458 3261 1571 3361; baseline -0.005 -19"><span class='ocrx_word' id='word_1_151' title='bbox 458 3266 585 3342; x_wconf 86' lang='lat' dir='ltr'><strong>mediae</strong></span> <span class='ocrx_word' id='word_1_152' title='bbox 612 3264 833 3354; x_wconf 81' lang='lat' dir='ltr'><strong>citharoedis3</strong></span> <span class='ocrx_word' id='word_1_153' title='bbox 854 3265 979 3361; x_wconf 75' lang='lat' dir='ltr'><strong>Cyzici,</strong></span> <span class='ocrx_word' id='word_1_154' title='bbox 1015 3264 1153 3354; x_wconf 76' lang='lat' dir='ltr'><strong>Rornae,</strong></span> <span class='ocrx_word' id='word_1_155' title='bbox 1180 3261 1353 3360; x_wconf 73' lang='lat' dir='ltr'><strong>Smyrna,</strong></span> <span class='ocrx_word' id='word_1_156' title='bbox 1391 3265 1571 3361; x_wconf 78' lang='lat' dir='ltr'><strong>tragoedis,</strong></span> 
     </span>
     <span class='ocr_line' id='line_1_24' title="bbox 458 3378 1573 3479; baseline -0.006 -20"><span class='ocrx_word' id='word_1_157' title='bbox 458 3385 627 3459; x_wconf 91' lang='lat' dir='ltr'><strong>marmori</strong></span> <span class='ocrx_word' id='word_1_158' title='bbox 655 3381 766 3456; x_wconf 93' lang='lat' dir='ltr'><strong>incidi</strong></span> <span class='ocrx_word' id='word_1_159' title='bbox 792 3380 926 3456; x_wconf 90' lang='lat' dir='ltr'><strong>curavit</strong></span> <span class='ocrx_word' id='word_1_160' title='bbox 954 3378 1019 3479; x_wconf 88' lang='grc'>(6).</span> <span class='ocrx_word' id='word_1_161' title='bbox 1050 3383 1162 3464; x_wconf 85' lang='lat' dir='ltr'><strong>Quam</strong></span> <span class='ocrx_word' id='word_1_162' title='bbox 1181 3379 1384 3453; x_wconf 87' lang='lat' dir='ltr'><strong>varietatem</strong></span> <span class='ocrx_word' id='word_1_163' title='bbox 1406 3381 1573 3476; x_wconf 84' lang='lat' dir='ltr'><strong>persequi</strong></span> 
     </span>
     <span class='ocr_line' id='line_1_25' title="bbox 458 3494 1572 3600; baseline -0.004 -27"><span class='ocrx_word' id='word_1_164' title='bbox 458 3521 568 3600; x_wconf 91' lang='lat' dir='ltr'><strong>prope</strong></span> <span class='ocrx_word' id='word_1_165' title='bbox 587 3499 631 3574; x_wconf 93' lang='lat' dir='ltr'><strong>sit</strong></span> <span class='ocrx_word' id='word_1_166' title='bbox 651 3497 846 3570; x_wconf 89' lang='lat' dir='ltr'><strong>inlinitum.</strong></span> <span class='ocrx_word' id='word_1_167' title='bbox 864 3498 983 3580; x_wconf 84' lang='lat' dir='ltr'><strong>Quum</strong></span> <span class='ocrx_word' id='word_1_168' title='bbox 1006 3517 1089 3568; x_wconf 82' lang='lat' dir='ltr'><strong>vero</strong></span> <span class='ocrx_word' id='word_1_169' title='bbox 1115 3494 1238 3568; x_wconf 86' lang='lat' dir='ltr'><strong>artilex</strong></span> <span class='ocrx_word' id='word_1_170' title='bbox 1262 3496 1413 3591; x_wconf 91' lang='lat' dir='ltr'><strong>quisque</strong></span> <span class='ocrx_word' id='word_1_171' title='bbox 1437 3497 1572 3592; x_wconf 87' lang='lat' dir='ltr'><strong>priores</strong></span> 
     </span>
     <span class='ocr_line' id='line_1_26' title="bbox 458 3609 1571 3715; baseline -0.005 -24"><span class='ocrx_word' id='word_1_172' title='bbox 458 3637 625 3715; x_wconf 89' lang='lat' dir='ltr'><strong>superare</strong></span> <span class='ocrx_word' id='word_1_173' title='bbox 652 3612 805 3687; x_wconf 81' lang='lat' dir='ltr'><strong>maxime</strong></span> <span class='ocrx_word' id='word_1_174' title='bbox 825 3611 995 3700; x_wconf 85' lang='lat' dir='ltr'><strong>studeret,</strong></span> <span class='ocrx_word' id='word_1_175' title='bbox 1023 3609 1112 3684; x_wconf 92' lang='lat' dir='ltr'><strong>nihil</strong></span> <span class='ocrx_word' id='word_1_176' title='bbox 1137 3610 1280 3707; x_wconf 88' lang='lat' dir='ltr'><strong>majoris</strong></span> <span class='ocrx_word' id='word_1_177' title='bbox 1309 3609 1424 3684; x_wconf 93' lang='lat' dir='ltr'><strong>laudis</strong></span> <span class='ocrx_word' id='word_1_178' title='bbox 1456 3613 1571 3685; x_wconf 92' lang='lat' dir='ltr'><strong>visum</strong></span> 
     </span>
     <span class='ocr_line' id='line_1_27' title="bbox 457 3726 1573 3830; baseline -0.005 -22"><span class='ocrx_word' id='word_1_179' title='bbox 457 3739 510 3808; x_wconf 93' lang='lat' dir='ltr'><strong>est</strong></span> <span class='ocrx_word' id='word_1_180' title='bbox 525 3755 633 3830; x_wconf 92' lang='lat' dir='ltr'><strong>quam</strong></span> <span class='ocrx_word' id='word_1_181' title='bbox 652 3731 682 3803; x_wconf 93' lang='lat' dir='ltr'><strong>si</strong></span> <span class='ocrx_word' id='word_1_182' title='bbox 708 3726 788 3825; x_wconf 89' lang='lat' dir='ltr'><strong>quis</strong></span> <span class='ocrx_word' id='word_1_183' title='bbox 812 3726 1009 3802; x_wconf 84' lang='lat' dir='ltr'><strong>laudationi</strong></span> <span class='ocrx_word' id='word_1_184' title='bbox 1035 3751 1108 3801; x_wconf 82' lang='lat' dir='ltr'><strong>suae</strong></span> <span class='ocrx_word' id='word_1_185' title='bbox 1130 3749 1208 3801; x_wconf 91' lang='lat' dir='ltr'><strong>eam</strong></span> <span class='ocrx_word' id='word_1_186' title='bbox 1229 3727 1449 3802; x_wconf 91' lang='lat' dir='ltr'><strong>mentionem</strong></span> <span class='ocrx_word' id='word_1_187' title='bbox 1471 3730 1573 3802; x_wconf 93' lang='lat' dir='ltr'><strong>inse-</strong></span> 
     </span>
     <span class='ocr_line' id='line_1_28' title="bbox 455 3844 1572 3946; baseline -0.003 -25"><span class='ocrx_word' id='word_1_188' title='bbox 455 3873 533 3924; x_wconf 85' lang='lat' dir='ltr'><strong>rere</strong></span> <span class='ocrx_word' id='word_1_189' title='bbox 546 3852 664 3946; x_wconf 90' lang='lat' dir='ltr'><strong>posset</strong></span> <span class='ocrx_word' id='word_1_190' title='bbox 683 3871 692 3920; x_wconf 74' lang='grc' dir='ltr'>ε</span> <span class='ocrx_word' id='word_1_191' title='bbox 709 3845 800 3919; x_wconf 83' lang='lat' dir='ltr'><strong>solas</strong></span> <span class='ocrx_word' id='word_1_192' title='bbox 811 3845 989 3941; x_wconf 82' lang='lat' dir='ltr'><strong>etprimus</strong></span> <span class='ocrx_word' id='word_1_193' title='bbox 1002 3844 1110 3916; x_wconf 76' lang='lat' dir='ltr'><strong>omnis</strong></span> <span class='ocrx_word' id='word_1_194' title='bbox 1125 3845 1309 3919; x_wconf 78' lang='lat' dir='ltr'><strong>memorie.</strong></span> <span class='ocrx_word' id='word_1_195' title='bbox 1325 3847 1437 3932; x_wconf 84' lang='lat' dir='ltr'><strong>Quam</strong></span> <span class='ocrx_word' id='word_1_196' title='bbox 1457 3869 1572 3944; x_wconf 91' lang='lat' dir='ltr'><strong>quum</strong></span> 
     </span>
    </p>
   </div>
   <div class='ocr_carea' id='block_1_3' title="bbox 399 4122 1569 4772">
    <p class='ocr_par' dir='ltr' id='par_1_5' title="bbox 495 4122 953 4209">
     <span class='ocr_line' id='line_1_29' title="bbox 495 4122 953 4209; baseline -0.015 -21"><span class='ocrx_word' id='word_1_197' title='bbox 495 4125 537 4209; x_wconf 90' lang='lat' dir='ltr'><strong>(l)</strong></span> <span class='ocrx_word' id='word_1_198' title='bbox 559 4123 673 4204; x_wconf 79' lang='lat' dir='ltr'><strong>Corpus</strong></span> <span class='ocrx_word' id='word_1_199' title='bbox 688 4122 775 4182; x_wconf 82' lang='lat' dir='ltr'><strong>inser.</strong></span> <span class='ocrx_word' id='word_1_200' title='bbox 791 4140 848 4201; x_wconf 71' lang='lat' dir='ltr'><strong>pc,</strong></span> <span class='ocrx_word' id='word_1_201' title='bbox 863 4122 953 4183; x_wconf 63' lang='lat'><strong>6820.</strong></span> 
     </span>
    </p>

    <p class='ocr_par' dir='ltr' id='par_1_6' title="bbox 494 4213 1194 4303">
     <span class='ocr_line' id='line_1_30' title="bbox 494 4213 1194 4303; baseline -0.014 -20"><span class='ocrx_word' id='word_1_202' title='bbox 494 4221 535 4303; x_wconf 62' lang='grc' dir='ltr'><strong>(ἓ)</strong></span> <span class='ocrx_word' id='word_1_203' title='bbox 558 4215 736 4291; x_wconf 87' lang='lat' dir='ltr'><strong>Minervini,</strong></span> <span class='ocrx_word' id='word_1_204' title='bbox 753 4213 864 4277; x_wconf 86' lang='lat' dir='ltr'><strong>Bullet.</strong></span> <span class='ocrx_word' id='word_1_205' title='bbox 882 4213 1194 4294; x_wconf 76' lang='lat' dir='ltr'><strong>lasttt.arcl.‚1859.</strong></span> 
     </span>
    </p>

    <p class='ocr_par' dir='ltr' id='par_1_7' title="bbox 399 4305 1569 4471">
     <span class='ocr_line' id='line_1_31' title="bbox 494 4305 1569 4397; baseline -0.003 -19"><span class='ocrx_word' id='word_1_206' title='bbox 494 4315 535 4397; x_wconf 87' lang='grc'><strong>(3)</strong></span> <span class='ocrx_word' id='word_1_207' title='bbox 556 4316 600 4376; x_wconf 89' lang='lat' dir='ltr'><strong>De</strong></span> <span class='ocrx_word' id='word_1_208' title='bbox 612 4308 824 4392; x_wconf 86' lang='lat' dir='ltr'><strong>periodonioa,</strong></span> <span class='ocrx_word' id='word_1_209' title='bbox 839 4307 911 4369; x_wconf 86' lang='lat' dir='ltr'><strong>vide</strong></span> <span class='ocrx_word' id='word_1_210' title='bbox 925 4306 1038 4382; x_wconf 86' lang='lat' dir='ltr'><strong>Miller,</strong></span> <span class='ocrx_word' id='word_1_211' title='bbox 1052 4307 1148 4370; x_wconf 85' lang='lat' dir='ltr'><strong>licoae</strong></span> <span class='ocrx_word' id='word_1_212' title='bbox 1159 4305 1387 4388; x_wconf 79' lang='lat' dir='ltr'><strong>archebioqipae,</strong></span> <span class='ocrx_word' id='word_1_213' title='bbox 1402 4311 1491 4387; x_wconf 73' lang='lat'><strong>1872,</strong></span> <span class='ocrx_word' id='word_1_214' title='bbox 1505 4317 1528 4374; x_wconf 85' lang='lat' dir='ltr'><strong>t.</strong></span> <span class='ocrx_word' id='word_1_215' title='bbox 1544 4315 1569 4390; x_wconf 91' lang='lat'><strong>1,</strong></span> 
     </span>
     <span class='ocr_line' id='line_1_32' title="bbox 399 4412 571 4471; baseline -0.029 0"><span class='ocrx_word' id='word_1_216' title='bbox 399 4439 405 4460; x_wconf 54' lang='grc' dir='ltr'>κ</span> <span class='ocrx_word' id='word_1_217' title='bbox 478 4412 571 4471; x_wconf 75' lang='grc'><strong>.354.</strong></span> 
     </span>
    </p>

    <p class='ocr_par' dir='ltr' id='par_1_8' title="bbox 454 4429 955 4581">
     <span class='ocr_line' id='line_1_33' title="bbox 454 4429 955 4581; baseline -0.008 -21"><span class='ocrx_word' id='word_1_218' title='bbox 454 4429 476 4489; x_wconf 74' lang='lat' dir='ltr'><strong>p</strong></span> <span class='ocrx_word' id='word_1_219' title='bbox 493 4499 536 4581; x_wconf 75' lang='lat' dir='ltr'><strong>(l)</strong></span> <span class='ocrx_word' id='word_1_220' title='bbox 560 4499 671 4577; x_wconf 83' lang='lat' dir='ltr'><strong>Corpus</strong></span> <span class='ocrx_word' id='word_1_221' title='bbox 685 4496 772 4556; x_wconf 82' lang='lat' dir='ltr'><strong>inser.</strong></span> <span class='ocrx_word' id='word_1_222' title='bbox 788 4515 850 4576; x_wconf 72' lang='lat' dir='ltr'><strong>pr„</strong></span> <span class='ocrx_word' id='word_1_223' title='bbox 865 4498 955 4558; x_wconf 72' lang='lat'><strong>5920.</strong></span> 
     </span>
    </p>

    <p class='ocr_par' dir='ltr' id='par_1_9' title="bbox 491 4590 1478 4680">
     <span class='ocr_line' id='line_1_34' title="bbox 491 4590 1478 4680; baseline -0.002 -20"><span class='ocrx_word' id='word_1_224' title='bbox 491 4599 533 4680; x_wconf 83' lang='grc'><strong>(5)</strong></span> <span class='ocrx_word' id='word_1_225' title='bbox 555 4595 737 4675; x_wconf 79' lang='lat' dir='ltr'><strong>Ephemeris</strong></span> <span class='ocrx_word' id='word_1_226' title='bbox 751 4593 916 4655; x_wconf 80' lang='lat' dir='ltr'><strong>societatis</strong></span> <span class='ocrx_word' id='word_1_227' title='bbox 929 4591 1165 4671; x_wconf 76' lang='lat' dir='ltr'><strong>archaeologicae</strong></span> <span class='ocrx_word' id='word_1_228' title='bbox 1182 4590 1389 4671; x_wconf 86' lang='lat' dir='ltr'><strong>Atheniensis,</strong></span> <span class='ocrx_word' id='word_1_229' title='bbox 1408 4598 1478 4659; x_wconf 73' lang='lat'><strong>207.</strong></span> 
     </span>
    </p>

    <p class='ocr_par' dir='ltr' id='par_1_10' title="bbox 491 4690 959 4772">
     <span class='ocr_line' id='line_1_35' title="bbox 491 4690 959 4772; baseline -0.015 -18"><span class='ocrx_word' id='word_1_230' title='bbox 491 4693 533 4772; x_wconf 88' lang='grc'><strong>(6)</strong></span> <span class='ocrx_word' id='word_1_231' title='bbox 558 4691 671 4768; x_wconf 78' lang='lat' dir='ltr'><strong>Corpus</strong></span> <span class='ocrx_word' id='word_1_232' title='bbox 684 4691 774 4749; x_wconf 78' lang='lat' dir='ltr'><strong>inser.</strong></span> <span class='ocrx_word' id='word_1_233' title='bbox 791 4706 851 4767; x_wconf 72' lang='lat' dir='ltr'><strong>pn,</strong></span> <span class='ocrx_word' id='word_1_234' title='bbox 869 4690 959 4749; x_wconf 74' lang='lat'><strong>5919.</strong></span> 
     </span>
    </p>
   </div>
   <div class='ocr_carea' id='block_1_4' title="bbox 0 0 1872 5784">
    <p class='ocr_par' dir='ltr' id='par_1_11' title="bbox 0 0 1872 5784">
     <span class='ocr_line' id='line_1_36' title="bbox 0 0 1872 5784; baseline 0 1"><span class='ocrx_word' id='word_1_235' title='bbox 0 0 1872 5784; x_wconf 95' lang='lat' dir='ltr'><strong> </strong></span> 
     </span>
    </p>
   </div>
  </div>
 </body>
</html>
