3736 5784
789 725 949 784 -59-

288 861 290 864 ’
312 864 545 949 ostenderint,
570 861 826 956 observentque
846 883 983 956 eaquae
1006 866 1088 931 sunt
1109 860 1248 931 decreta
1267 857 1311 930 ab
1333 860 1423 931 arti-

313 981 439 1055 ficibus
465 975 764 1074 respondentibus
786 976 981 1050 secundum
1005 973 1119 1049 edicta
1143 978 1423 1049 Romanorumn

313 1096 443 1195 quibus
462 1094 588 1168 servati
608 1099 691 1166 sunt
712 1093 854 1166 Asiatici
879 1091 1049 1178 artifices,
1069 1097 1105 1165 et
1127 1090 1237 1186 priori
1263 1095 1423 1186 tempore

314 1215 471 1288 studium
490 1217 524 1284 et
543 1209 810 1283 aemulationem
836 1208 1027 1283 habuerint
1052 1206 1095 1281 ad
1116 1207 1310 1280 certamine
1315 1260 1420 1280 .......

313 1327 446 1424 placuit
470 1323 621 1420 collegio
643 1324 863 1398 scenicorum
889 1323 1066 1400 artificum
1071 1379 1170 1397 .......
1194 1324 1334 1396 mittere
1352 1322 1424 1395 duo

316 1440 489 1529 tibicines,
507 1439 578 1512 duo
593 1440 781 1537 tragoedos,
803 1438 874 1513 duo
889 1440 1084 1527 comoedos,
1103 1438 1352 1528 citharoedum,
1373 1437 1426 1510 ci-

316 1556 511 1642 tharistam,
531 1562 570 1627 ut
584 1563 751 1651 peragent
766 1555 830 1628 deo
848 1556 976 1629 choros
995 1553 1193 1628 secundum
1207 1554 1321 1651 patria
1336 1555 1428 1650 ipso·
1517 1578 1519 1583 ’

318 1697 396 1746 rum
413 1673 585 1762 instituta,
598 1671 791 1744 attribuere
801 1695 882 1747 vero
892 1679 926 1746 et
938 1695 1062 1745 eorum
1075 1694 1200 1767 operas
1211 1700 1220 1760 ;
1232 1694 1293 1744 eos
1307 1676 1426 1743 autem

316 1789 523 1885 quicunque
548 1786 707 1861 attributi
734 1787 877 1875 luerint,
897 1787 1066 1883 perficere
1089 1788 1337 1884 Dionysiorum
1354 1810 1430 1860 cer-

315 1905 448 1978 tamina
472 1905 569 1977 statis
587 1903 821 2001 temporibus,
850 1905 886 1975 in
912 1903 1079 1977 omnibus
1099 1904 1286 1979 obsecutos
1311 1908 1429 1977 Iasen-

316 2023 408 2095 sium
423 2019 572 2116 legibue.
588 2021 624 2094 Si
638 2020 719 2117 quis
732 2042 813 2092 vero
828 2043 870 2092 ex
884 2021 926 2093 iis
940 2020 1001 2116 qui
1016 2011 1175 2100 attributi
1190 2020 1333 2108 luerint,
1355 2045 1428 2095 non

316 2137 469 2212 adiuerit
486 2137 551 2210 lasi
571 2136 624 2210 rel
644 2138 838 2210 certamina
855 2159 927 2210 non
945 2137 1127 2236 peregerit,
1153 2136 1261 2210 solvat
1280 2137 1428 2234 collegio

317 2255 539 2329 scenicorum
565 2252 742 2327 artificum
767 2252 865 2325 mille
891 2251 1078 2325 drachmas
1092 2253 1330 2340 Antiochinas,
1354 2253 1429 2326 sine

316 2371 555 2458 excusatione,
569 2371 634 2443 deo
650 2369 919 2456 consecrandas,
933 2367 1001 2440 nisi
1011 2366 1221 2442 valetudinis
1233 2376 1293 2441 aut
1303 2369 1431 2442 hiemis

318 2487 653 2583 causa'nequiverit.
673 2486 765 2558 Huic
780 2492 900 2558 autem
913 2486 956 2558 sit
976 2483 1119 2559 mulctae
1137 2486 1327 2575 excusatio,
1340 2507 1431 2558 eau-

319 2627 393 2676 sam
414 2603 532 2699 agenti
549 2601 640 2697 apud
655 2602 828 2698 populum
843 2600 1049 2700 (artificum)
1065 2609 1100 2676 et
1120 2601 1304 2675 manifesta
1320 2624 1430 2698 argu-

320 2724 441 2791 menta
455 2717 614 2791 efferenti
628 2725 747 2814 atque,
765 2717 843 2791 latis
853 2716 1040 2813 suffragiis,
1057 2716 1217 2790 absoluto
1233 2716 1430 2791 secundum

318 2837 447 2932 legem.
473 2888 575 2908 .......
597 2836 716 2932 Legati
737 2834 910 2931 designati
929 2842 1038 2907 sunt:
1059 2834 1237 2908 Plutiades
1260 2836 1432 2908 citharoe-

320 2953 398 3039 dus,
417 2951 647 3047 Lysimachus
674 2950 926 3046 tragoediarum
954 2955 1068 3046 poeta,
1090 2950 1307 3024 Nicostratus
1323 2974 1431 3047 syna-

319 3068 459 3164 gonista
478 3066 644 3163 tragicus.
665 3065 721 3139 llli
739 3065 898 3138 attributi
915 3065 1059 3139 luerunt
1078 3051 1161 3140 cum
1178 3067 1294 3163 operis
1315 3093 1323 3140 :
1342 3067 1432 3140 tibi-

319 3185 428 3272 cines,
442 3183 628 3271 Timocles,
645 3183 797 3269 Phaetas3
821 3182 980 3278 tragoedi,
996 3184 1218 3271 Posidonius
1237 3182 1429 3279 Sosipater;

319 3300 484 3386 comoedi,
507 3298 762 3394 Agatharchus
782 3299 938 3387 ltloeries;
961 3297 1190 3389 citharoedus,
1207 3299 1429 3388 Zenotheus;

320 3416 515 3504 citharista,
528 3414 736 3511 Apollonius
752 3413 906 3487 Samius.
926 3456 972 3468 -
988 3415 1283 3511 Stephanephoro
1297 3415 1433 3511 Apolli-

320 3532 388 3620 nis,
417 3531 521 3604 tertio
550 3535 629 3627 post
656 3533 844 3617 Menetem,
871 3532 1022 3626 Tyrtaeo,
1049 3531 1267 3626 Apaturione
1296 3555 1429 3619 mense,

320 3654 416 3721 sexta
435 3647 503 3739 die,
523 3654 638 3721 ratum
658 3646 724 3719 suit
739 3643 803 3744 (l)
827 3675 843 3713 o

368 3769 480 3839 Nemo
508 3788 580 3838 non
612 3764 857 3838 animadvertit
884 3764 947 3859 qui
976 3764 1020 3837 sit
1046 3765 1269 3837 scenicorum
1293 3788 1429 3854 sermo;

320 3906 433 3979 quum
466 3883 561 3956 enim
586 3881 780 3955 amicitiam
805 3883 1002 3954 lesensium
1022 3888 1055 3954 et
1076 3880 1294 3977 diligentiam
1312 3882 1347 3955 iu
1369 3883 1433 3957 oh·

320 3998 500 4071 servandis
532 3996 671 4093 collegii
699 3997 847 4071 decretis
873 3994 1091 4084 collaudant
1117 4003 1223 4093 atque
1252 3999 1432 4095 religionis

320 4114 498 4188 solvendae
512 4113 670 4186 studium
688 4137 794 4185 suum
809 4120 844 4186 et
861 4112 996 4187 bonum
1017 4113 1178 4185 animum
1197 4136 1279 4211 erga
1300 4122 1433 4188 veteres

320 4231 452 4303 amicos
466 4236 500 4302 et
515 4229 629 4303 socios
639 4227 832 4316 declarant,
847 4252 889 4302 ea
898 4252 1042 4326 prorsus
1054 4235 1106 4302 est
1120 4232 1233 4304 oratio
1244 4232 1431 4306 hominum

319 4348 380 4444 qui
401 4347 536 4420 inritati
561 4352 596 4420 et
627 4347 737 4442 rogati
767 4344 983 4418 beneficium
1005 4346 1203 4421 concedant
1223 4355 1258 4421 et
1276 4371 1317 4422 ea
1335 4373 1433 4445 prae-

319 4462 477 4536 scribant
490 4485 571 4559 quae
591 4462 676 4558 ipsis
697 4461 908 4559 placuerint,
927 4463 1037 4558 magis
1057 4484 1165 4559 quam
1186 4464 1363 4538 artificum
1380 4465 1433 4540 lo·

360 4708 402 4789 (l)
423 4709 463 4770 Le
478 4709 538 4771 Bas
551 4714 584 4769 et
597 4707 820 4787 Weddington,
836 4708 930 4773 Inscr.
946 4707 1207 4791 dileto-Morem,
1223 4714 1294 4775 28l.
