3736 5784
751 695 910 754 -83..

273 821 349 917 ejus
368 821 493 895 fefellit
506 845 619 918 quum
634 822 831 919 legatorum
847 846 959 916 mora,
980 829 1058 896 tum
1073 824 1183 919 ipsius
1197 826 1289 922 regis
1304 824 1385 900 dili·

272 939 402 1035 gentia,
419 961 490 1035 qua
506 939 604 1034 prius
625 939 826 1014 Phocenses
845 941 1028 1037 perierunt
1047 962 1155 1037 quam
1175 942 1218 1015 de
1236 941 1383 1016 illorum

273 1055 432 1151 periculo
451 1056 672 1130 manifestior
690 1056 780 1131 fides
798 1059 990 1132 exsisteret.

323 1176 424 1246 Certe
439 1174 682 1248 Aristodemus
700 1199 795 1248 unus
816 1176 882 1249 fuit
899 1199 918 1250 e
933 1174 1056 1249 decern
1074 1173 1218 1271 publice
1235 1177 1281 1249 ad
1297 1176 1382 1250 Phi·

272 1288 412 1386 lippum
439 1291 582 1379 missis;
616 1293 653 1364 in
686 1314 755 1388 qua
782 1292 979 1390 legatione,
1013 1316 1095 1366 cum
1122 1293 1290 1366 AEschine
1322 1289 1386 1390 qui

274 1407 383 1503 ipsius
399 1408 620 1502 tritagouista
634 1407 748 1483 fuerat
769 1407 835 1508 (l),
851 1409 1166 1483 communicavisset
1184 1408 1333 1483 consilia
1352 1417 1387 1483 et

273 1525 347 1620 regi
365 1524 585 1599 consuluisse
608 1525 907 1600 verisimillimum
925 1534 988 1600 est.
1016 1528 1126 1623 Cujus
1144 1527 1250 1601 etiarn
1269 1527 1387 1624 prodi-

274 1642 422 1735 tionem,
439 1643 561 1716 multis
579 1650 656 1740 post
675 1644 790 1734 annis,
807 1645 1078 1736 Demosthenes,
1093 1647 1129 1718 iu
1148 1645 1306 1719 oratione
1322 1667 1386 1740 pro

273 1761 423 1844 Corona,
457 1760 775 1832 commemoravit:
805 1789 820 1827 u
839 1761 907 1845 Qui
938 1761 1076 1857 primus
1099 1760 1240 1834 locutus
1269 1766 1320 1835 est
1353 1768 1388 1833 et

274 1875 494 1948 mentionem
517 1874 560 1949 de
583 1898 669 1972 pace
696 1875 792 1968 fecit,
814 1874 1058 1951 Aristodemus
1082 1884 1133 1951 est
1159 1875 1281 1950 artifex
1294 1902 1303 1964 ;
1328 1877 1389 1974 qui

274 2013 354 2066 vero
368 1992 534 2065 successit
552 1993 733 2089 etrogavit
749 1999 880 2066 etcum
897 1992 960 2067 illo
978 2017 1079 2066 suam
1095 2016 1239 2091 operam
1256 1995 1293 2066 in
1312 2016 1391 2066 eam

274 2132 351 2181 rem
379 2108 521 2196 locavit,
549 2108 766 2184 Philocrates
793 2109 860 2182 fuit
889 2110 1090 2206 Hagnusius
1118 2107 1184 2208 (2)
1201 2139 1218 2178 »
1251 2113 1291 2182 ln
1318 2109 1390 2184 fine

276 2234 410 2324 quartae
430 2226 653 2322 Philippicae,
674 2224 769 2300 idem
786 2227 823 2298 iu
840 2227 1032 2323 quemdam
1051 2225 1316 2302 Aristodemum
1330 2238 1392 2301 aut

276 2341 535 2416 Aristomedem
555 2339 705 2440 (variant
727 2344 822 2416 enim
845 2342 1011 2417 codicum
1030 2342 1214 2442 lectiones)
1234 2342 1392 2439 Philippi

278 2458 503 2533 defensorem
537 2458 664 2532 acerbe
697 2459 899 2548 invehitur;
929 2460 991 2533 sed
1015 2466 1136 2534 utrum
1165 2459 1209 2534 de
1236 2461 1393 2558 tragoedo

278 2582 403 2674 agatur
418 2598 531 2650 necne
546 2576 737 2649 incertum.

325 2692 404 2766 lam
420 2692 664 2765 Macedoniam
687 2693 792 2766 multi
812 2692 963 2766 artifices
985 2699 1158 2789 tanquam
1173 2691 1320 2766 alteram
1335 2717 1394 2790 pa-

279 2811 383 2885 triam
411 2808 629 2900 incolebant,
657 2809 826 2884 ludorum
851 2810 1114 2908 magnificentia
1139 2816 1175 2883 et
1203 2835 1395 2886 munerum

279 2927 515 3026 amplitudine
544 2927 672 3014 allecti,
700 2934 891 3023 patronum
914 2928 1009 3001 nacti
1038 2928 1250 3002 munificum
1273 2936 1309 3001 et
1332 2953 1397 3004 co-

280 3069 389 3135 mem,
407 3047 566 3141 ipsorum
592 3042 697 3116 fastui
721 3049 755 3117 et
777 3045 930 3117 avaritiae
955 3045 1107 3118 maxime
1127 3050 1392 3141 opportunum3

278 3161 382 3234 illum
402 3161 532 3234 Graecis
545 3158 681 3234 bellum
699 3159 912 3234 inferentem
926 3161 1093 3258 prosequi
1110 3191 1119 3252 ;
1134 3160 1232 3234 illius
1253 3182 1394 3255 compo·

278 3277 472 3352 tationibus
509 3284 544 3350 et
577 3276 887 3350 comissationibus
919 3276 1013 3351 soliti
1041 3279 1162 3352 adesse
1192 3275 1262 3376 (3),
1290 3284 1396 3373 atque

279 3395 386 3468 etiam
400 3393 511 3490 ipsius
527 3392 672 3466 familiae
684 3393 811 3490 jurgiis
825 3399 860 3467 et
875 3393 1155 3468 dissensionibus
1170 3393 1310 3467 misceri
1327 3389 1393 3491 (l)

330 3509 529 3585 Alexander
547 3517 737 3607 paternum
758 3509 916 3584 studium
932 3535 1014 3610 erga
1027 3512 1184 3586 scenicos
1199 3535 1274 3585 uon
1288 3507 1395 3583 modo

279 3628 437 3703 imitatus
457 3636 521 3717 est,
540 3627 601 3702 sed
619 3628 659 3700 iu
677 3625 780 3700 bellis
795 3650 940 3725 quoque
959 3637 994 3702 et
1013 3627 1050 3701 in
1071 3630 1148 3725 ipso
1168 3628 1394 3702 victoriarum

280 3769 387 3819 cursu
401 3745 569 3832 retinuit;
587 3744 731 3841 majoris
747 3743 853 3817 etiam
872 3742 1096 3818 liberalitatis
1110 3743 1275 3839 exempla
1290 3742 1395 3816 exhi-

280 3862 369 3951 buit,
392 3863 465 3958 ipse
484 3868 519 3935 et
537 3861 667 3934 artium
685 3883 881 3958 graecarum
901 3862 1164 3935 amantissimus
1180 3868 1249 3934 eta
1270 3858 1396 3956 primis

280 3981 383 4053 annis
399 3979 576 4052 artificum
594 3977 806 4051 commercio
822 3985 994 4066 assuetus,
1009 4001 1163 4076 quorum
1179 3999 1308 4067 unum,
1324 3981 1396 4048 tra-

320 4131 362 4214 (l)
386 4129 561 4206 Demosth,
582 4128 626 4190 De
643 4127 718 4204 male
734 4136 813 4208 peste
830 4127 984 4209 locatione,
1002 4132 1072 4192 ele.

323 4227 364 4308 (A)
385 4226 555 4298 Demosth,
570 4225 630 4284 Pro
650 4222 778 4299 Corona,
793 4226 843 4285 xl.

320 4321 363 4402 (3)
384 4320 614 4400 Theopompus,
632 4318 668 4377 fr.
683 4320 751 4379 262.
767 4316 908 4377 Dimissis
922 4315 1166 4380 Atheniensibus
1179 4315 1300 4397 legatis,
1314 4333 1394 4377 avo·
1507 4329 1511 4337 ·

281 4416 345 4478 cari
358 4416 504 4476 tibicinas
519 4413 665 4475 mulieres
676 4411 771 4491 jussit
784 4416 816 4472 et
835 4413 1048 4474 Aristonicum
1062 4414 1272 4474 citharoedum
1289 4416 1321 4473 et
1333 4413 1395 4474 llo-

279 4511 401 4572 rionem
421 4509 582 4569 tibicinem
598 4513 631 4568 et
648 4512 767 4568 ceteros
784 4506 927 4586 quicum
944 4508 1012 4586 ipso
1029 4513 1208 4587 computare
1225 4525 1394 4568 consueve-

279 4609 363 4666 rant.
375 4602 637 4663 Circumducebat
646 4601 731 4662 enim
743 4619 942 4682 quocumque
951 4602 1031 4664 tales
1041 4602 1185 4664 homiues
1195 4601 1368 4680 Phihppus.
1380 4623 1393 4654 r

321 4697 364 4780 (t)
385 4695 558 4773 Plutarch„
576 4695 738 4771 Alexand,
755 4699 804 4758 lo.
