3736 5784
753 709 911 768 ..97-

276 837 478 912 incredibili
488 863 497 925 ;
520 837 651 933 perfeci
669 860 763 927 vero,
780 844 819 911 ut
832 837 1105 925 declaraveram,
1126 837 1319 927 Bacchum,
1338 862 1391 911 ar·

276 951 405 1025 chonte
428 950 575 1043 Aurelio,
597 951 810 1027 Anchareno
832 952 996 1041 Phaedro,
1025 951 1192 1047 Ephesio,
1212 951 1388 1043 comoedo,

247 1097 250 1103 ·
276 1069 515 1163 periodonica,
531 1067 800 1164 Capitolionica‚
818 1066 1019 1140 incredibili
1028 1094 1037 1156 ;
1051 1066 1178 1158 scriba,
1194 1071 1392 1143 Menecrate

35 1235 44 1292 Ι.
168 1236 181 1256 ,-
275 1185 412 1280 Assyrio
419 1239 524 1258 .......
547 1183 723 1273 comoedo,
751 1185 991 1281 periodonica,
1017 1182 1237 1272 incredibili;
1261 1209 1393 1259 nomo-

150 1321 155 1327 ·
270 1300 384 1390 dicta,
400 1301 439 1374 T.
453 1299 602 1374 Claudio
619 1299 832 1393 Alexandro,
848 1300 1054 1375 Laodicensi
1073 1300 1231 1398 tragoedo
1244 1308 1277 1376 et
1290 1308 1394 1398 poeta

6 1411 14 1424 '
77 1522 84 1532 ι
218 1461 222 1467 ·
277 1413 594 1516 incredibili(l).»

314 1533 442 1625 ‘Vides
462 1538 500 1604 ut
520 1532 630 1628 priori
651 1539 769 1622 aetate,
792 1533 843 1605 sic
861 1534 968 1607 ethis
988 1532 1223 1630 temporibus,
1241 1532 1392 1630 collegio

276 1646 469 1745 adscriptos
498 1648 605 1730 luisse
632 1657 770 1746 poetas,
800 1651 955 1724 musicos
982 1657 1015 1725 et
1043 1657 1193 1724 actores.
1219 1653 1391 1723 Annuum

276 1787 419 1862 quoque
440 1767 569 1838 Bacchi
593 1766 829 1840 sacerdotium
854 1768 1089 1863 permansisse
1111 1765 1207 1840 idem
1231 1767 1332 1840 docet
1350 1766 1396 1838 ti-

275 1880 385 1972 tulus,
404 1888 438 1956 et
453 1881 506 1956 bis
517 1883 634 1956 eidem
651 1883 779 1956 deferri
797 1883 967 1979 potuisse.
978 1882 1060 1972 Sed,
1078 1905 1191 1980 quum
1205 1881 1394 1956 ambitioni

275 1997 465 2072 hominum
476 2000 551 2096 jam
568 2023 640 2073 non
662 1999 867 2074 sufficerent
882 2001 990 2096 prisci
1004 2002 1173 2092 honores,
1194 2000 1395 2075 institutum

275 2120 327 2186 est
346 2113 507 2211 ejusdem
531 2115 661 2189 Bacchi
682 2138 867 2188 summum
891 2116 1128 2190 sacerdotium
1148 2124 1181 2188 et
1201 2115 1291 2189 illud
1309 2140 1395 2212 per-

224 2247 230 2253 ·
275 2237 425 2327 potuum
440 2238 473 2305 et
489 2255 573 2305 cum
587 2255 629 2306 eo
645 2233 723 2330 conj
731 2239 879 2305 unctum
899 2233 1124 2330 imperatoris
1143 2256 1325 2306 summum
1345 2258 1397 2306 sa·

276 2351 489 2425 cerdotinm.
511 2349 591 2425 Alia
611 2351 717 2426 etiam'
736 2352 832 2448 apud
851 2351 939 2426 alios
962 2352 1157 2428 sacerdotia
1175 2352 1294 2426 addita
1315 2353 1397 2427 lue-

276 2473 376 2552 runt,
406 2467 476 2540 sive
514 2472 554 2539 ut
588 2467 711 2562 plures
741 2467 972 2564 dignitatibus
1001 2468 1222 2557 fruerentur,
1258 2467 1328 2541 sive
1357 2474 1398 2541 ut
1504 2493 1510 2506 ·

276 2583 510 2657 adularentur
529 2584 702 2680 principis
721 2584 915 2658 amoribus
931 2585 989 2657 Sic
1008 2585 1044 2656 in
1064 2584 1251 2658 ruderibus
1268 2584 1395 2658 theatri

276 2697 488 2793 Dionysiaci,
499 2699 663 2788 Athenis,
680 2708 811 2796 praeter
821 2699 932 2774 sedile
944 2700 1136 2773 sacerdotis
1147 2700 1276 2773 Bacchi
1291 2699 1396 2774 Eleu·

275 2813 468 2910 therensis,
500 2814 570 2888 duo
599 2814 670 2889 alia
706 2815 875 2912 descripsi
897 2839 1052 2912 quorum
1086 2815 1148 2888 uni
1180 2816 1392 2911 inscriptum

272 2935 322 3000 est
341 2953 349 3001 :
367 2929 565 3003 Sacerdotis
582 2930 712 3004 Bacchi
732 2930 948 3027 Melpomeni
964 2955 1006 3004 ex
1026 2929 1240 3017 artificibus;
1259 2931 1360 3004 alteri
1380 2955 1388 3004 ε

272 3045 469 3119 Sacerdotis
487 3047 630 3119 Antinoi
651 3047 832 3121 Saltatoris
843 3072 892 3135 ex
910 3047 1120 3121 artificibus.

319 3163 398 3236 lam
418 3163 496 3236 haec
513 3165 688 3237 institutio
704 3165 836 3240 summi
849 3163 1038 3238 sacerdotii
1050 3163 1216 3260 perpetui
1234 3163 1392 3259 priscum

274 3278 505 3376 collegiorum
518 3287 660 3372 statum,
678 3282 740 3378 qni
760 3304 802 3355 ex
821 3283 920 3355 omni
939 3286 1039 3377 parte
1059 3279 1241 3376 popularis
1261 3279 1389 3364 luerat,

275 3397 517 3471 commutavit.
548 3397 659 3495 Majus
682 3420 765 3472 vero
792 3397 962 3471 libertatis
994 3397 1248 3470 detrimentum
1274 3397 1392 3470 attulit

276 3537 408 3588 novum
435 3538 567 3587 munus
586 3513 734 3610 logistae.
758 3516 834 3587 Hoc
862 3536 1024 3587 annuum
1052 3513 1161 3585 luerit
1185 3536 1298 3587 necne
1317 3537 1390 3587 non

173 3653 176 3660 ·
275 3629 399 3724 liquet.
418 3632 459 3704 ld
474 3637 594 3704 autem
611 3636 749 3704 constat
760 3653 842 3704 eum
862 3631 1108 3728 magistratum
1127 3652 1199 3702 non
1212 3653 1231 3702 e
1243 3653 1391 3726 corpore

258 3741 498 3842 ‚scenicorum
525 3745 651 3834 luisse3
673 3768 767 3819 unus
792 3745 887 3820 enim
920 3745 987 3817 fuit
1011 3744 1174 3817 sacerdos
1198 3744 1390 3839 provinciae

274 3858 365 3935 Asiae
382 3860 454 3960 (t);
481 3863 569 3936 alter
594 3869 802 3959 procurator
824 3862 1048 3958 imperatoris
1079 3867 1114 3935 et
1137 3861 1299 3957 praetoris
1324 3884 1390 3958 pa-

274 3982 329 4049 ter
348 3975 411 4076 (3).
443 3982 542 4053 Hanc
566 3979 672 4075 igitur
700 3977 906 4076 dignitatem
932 4002 953 4051 a
978 3969 1228 4052 viris'summo
1253 3978 1391 4052 honore

274 4099 335 4167 aut
346 4117 473 4192 magna
484 4096 811 4192 potentiapraeditis
824 4095 977 4169 exerceri
990 4093 1129 4169 solitam
1140 4117 1215 4167 esse
1228 4117 1390 4192 comper·

274 4327 496 4409 Pergamenus,
515 4327 708 4392 citharoedus
721 4325 893 4401 hieronimi,
907 4325 1046 4388 musicus
1061 4325 1263 4388 clarissimus.
1280 4325 1390 4406 Corpus
1444 4363 1447 4368 -

275 4421 362 4485 inser.
378 4443 440 4504 pra,
457 4426 544 4485 3208.

311 4516 351 4596 (l)
376 4515 489 4598 Corpus
502 4517 586 4578 iocor.
600 4535 661 4597 pra,
677 4517 765 4578 6829.

315 4608 356 4689 (ἓ)
380 4609 493 4691 Corpus
507 4611 596 4674 insta.
611 4632 671 4692 pra,
688 4611 778 4672 illl.

313 4701 355 4784 (3)
375 4707 418 4768 Le
434 4705 494 4768 Ras
509 4711 540 4768 et
552 4703 776 4785 Waddingtom
791 4702 883 4764 laser.
901 4700 1158 4780 &Acie-Minoum,
1175 4707 1254 4768 l620
1265 4724 1289 4768 c.

1237 4821 1246 4859 l
