3736 5784
784 722 941 782 ..75-

307 858 507 934 exhibuisse
522 857 650 954 aliquis
673 880 738 931 suo
753 858 835 954 jure
850 856 1027 953 conjiciat.
1049 853 1117 928 Sed
1141 853 1339 928 notandum
1367 859 1418 927 est

307 977 399 1050 inter
411 977 599 1049 choreutas
618 975 773 1047 comicos
788 979 822 1047 et
836 969 1016 1047 comoedos
1030 976 1065 1043 et
1080 971 1232 1044 maxime
1253 969 1417 1044 didasca-

306 1093 359 1167 los
370 1090 822 1166 multaoommunialuisse.
836 1088 1097 1186 Cephisodorus
1108 1086 1243 1176 Calliae,
1260 1089 1415 1178 Boeotus,

306 1207 505 1282 didascalus
523 1207 681 1282 comicus
697 1205 776 1306 (Ill,
802 1211 860 1294 57,
889 1207 948 1294 lV,
971 1202 1046 1302 63),
1065 1203 1235 1277 choreuta
1258 1203 1417 1276 comicus

306 1325 381 1425 (Vl,
405 1324 478 1424 76).
502 1325 657 1421 Thyrsus
676 1325 842 1411 Critonis
865 1322 1034 1396 choreuta
1056 1320 1214 1394 comicus
1239 1319 1314 1418 (lv,
1340 1319 1414 1419 75),

307 1441 505 1517 didascalus
519 1441 676 1514 comicus
691 1439 765 1539 (Vl,
788 1438 863 1538 6-1).
885 1441 986 1511 Unus
1004 1460 1047 1510 ex
1064 1437 1242 1511 choreutis
1264 1436 1321 1537 (V,
1340 1435 1414 1534 75),

303 1558 399 1631 lilius
418 1563 470 1631 est
484 1555 636 1631 comoedi
654 1555 728 1655 (lv,
747 1553 826 1653 61);
848 1555 936 1629 alter
954 1554 1061 1628 irater
1079 1559 1132 1627 est
1153 1552 1323 1627 didascali
1349 1575 1416 1627 co-

304 1675 387 1747 mici
408 1673 487 1772 (lll,
509 1670 597 1772 57).

354 1794 437 1864 Haec
447 1789 590 1878 indicia,
607 1790 767 1887 quamvis
781 1790 913 1878 tenuia,
927 1789 1088 1862 animum
1103 1811 1225 1862 meum
1238 1787 1417 1862 inducunt

305 1913 344 1980 ut
368 1907 555 2004 conjiciam
577 1907 728 1980 chorum
752 1906 929 1979 comicum
950 1903 1086 1978 fabulas
1110 1907 1262 1978 comicas
1290 1906 1413 2002 egisse.

306 2027 424 2110 Quum
444 2046 539 2109 vero,
561 2024 598 2095 in
623 2022 797 2096 comoedia
820 2023 936 2119 prisca
956 2019 1205 2096 tantummodo
1234 2020 1416 2095 adhibitus

306 2139 423 2224 luerit,
450 2139 536 2212 hinc
553 2138 752 2234 putandum
773 2145 837 2228 est,
859 2138 966 2210 etiam
986 2136 1144 2211 secundo
1166 2144 1248 2210 ante
1275 2145 1414 2213 aetatem

305 2261 461 2328 nostram
479 2253 621 2342 saeculo,
641 2251 779 2327 fabulas
794 2252 1053 2350 Aristophanis,
1075 2254 1207 2327 Cratini
1223 2261 1257 2328 et
1278 2260 1416 2328 ceteru-

307 2394 385 2443 rum
402 2371 566 2466 repetitas
582 2369 703 2442 luisse.
721 2369 791 2443 Sed
806 2367 982 2442 affirmare
997 2370 1116 2442 nimiae
1136 2371 1180 2442 sit
1193 2371 1412 2446 temeritatis.

306 2487 384 2560 Non
401 2485 637 2561 omittendum
662 2491 713 2559 est
735 2492 854 2559 tamen
875 2485 1022 2558 invasis
1047 2487 1175 2583 saepius
1194 2488 1350 2584 picturas
1371 2510 1414 2559 ex

305 2603 451 2699 antiqua
470 2601 644 2676 comoedia
658 2607 816 2698 sumptas
836 2601 957 2698 effingi
968 2628 977 2689 ;
999 2602 1102 2698 cujus
1120 2611 1268 2694 actores,
1291 2627 1334 2676 ex
1351 2603 1414 2677 ha-

303 2719 398 2793 bitus
412 2720 542 2816 specie,
560 2719 740 2814 praecipue
754 2718 954 2815 corpusculi
972 2725 1007 2792 et
1022 2719 1177 2794 chitonis
1191 2720 1318 2813 forma,
1335 2744 1415 2794 cer-

304 2836 438 2909 tissime
455 2835 596 2932 agnosci
610 2834 865 2909 demonstrarit
878 2835 1051 2909 Wieseler
1069 2833 1082 2934 (
1108 2836 1134 2936 ).

353 2953 471 3037 Quum
489 2958 621 3025 veteres
637 2950 768 3024 labulae
784 2953 913 3047 saepius
929 2958 1171 3047 repeterentur
1191 2974 1299 3048 quam
1313 2975 1414 3026 novae

304 3068 597 3164 producerentur,
610 3090 690 3163 quae
705 3090 790 3140 cura
807 3067 1073 3163 priusipsorum
1084 3075 1270 3164 puetarum
1284 3068 1410 3157 luerat,

305 3207 347 3257 ea
365 3185 538 3280 magistris
556 3183 702 3257 comicis
722 3183 934 3279 tragicisque
959 3181 1193 3256 mandabatur
1219 3190 1258 3257 ut
1281 3192 1415 3260 actores

304 3299 483 3373 docerent.
502 3300 590 3385 Qui,
613 3300 651 3370 in
671 3298 851 3394 Delphicis
867 3297 1020 3390 tabulis,
1043 3299 1229 3375 ambitioso
1246 3303 1410 3392 nomine,

304 3414 473 3490 didascali
498 3415 680 3504 dicuntur,
717 3416 878 3512 quamvis
909 3439 950 3489 ea
978 3415 1173 3513 designatio
1201 3418 1414 3517 plerumque

304 3533 415 3629 poetis
431 3555 511 3605 suas
525 3532 662 3606 fabulas
677 3533 761 3628 ipsis
776 3531 984 3606 docentibus
998 3540 1206 3608 reservetur.
1224 3536 1415 3610 Modestius

303 3650 341 3721 in
356 3647 504 3745 collegio
518 3647 644 3734 Attico,
665 3646 774 3721 iidem
789 3647 1055 3744 hypodidascali
1072 3659 1255 3740 vocantur,
1278 3675 1415 3727 memo-

302 3767 368 3854 ria,
393 3763 513 3854 credo,
534 3772 567 3838 et
587 3765 780 3839 reverentia
799 3771 980 3838 tantorum
1000 3774 1185 3862 poetarum
1205 3770 1267 3866 qui
1286 3771 1414 3844 eodem

303 3903 451 3954 munere
471 3880 658 3977 iungentes
677 3879 845 3952 didascali
863 3879 947 3953 dicti
967 3881 1123 3972 luerant;
1146 3907 1299 3980 quorum
1312 3908 1415 3959 mor-

304 4003 450 4070 tuorum
468 4020 504 4070 se
526 4019 600 4070 non
615 3996 762 4069 vicarios
778 3995 839 4069 sed
854 3997 1035 4072 ministros
1048 4000 1320 4096 profitebantur.

352 4112 391 4186 Si
409 4113 602 4210 quaerimus
622 4115 702 4211 quis
722 4113 842 4203 luerit,
865 4115 1035 4189 institutis
1056 4117 1277 4193 scenicorum
1297 4120 1414 4194 artifi-

304 4250 386 4300 cum
401 4229 570 4326 collegiis,
591 4230 720 4302 artium
736 4230 953 4304 musicarum
974 4238 1095 4324 status,
1113 4241 1207 4332 patet
1221 4237 1327 4310 etiam
1346 4236 1413 4311 hac

304 4349 405 4418 aetate
429 4367 470 4418 ea
494 4344 610 4417 studia
632 4343 795 4440 viguisse.
825 4345 1037 4443 Frequentia
1064 4350 1161 4423 enim
1185 4351 1353 4425 ludorum
1379 4359 1415 4426 et

344 4628 387 4709 (1)
408 4627 575 4704 Wieseler,
601 4628 878 4708 Tleatusqeboeude.
893 4665 934 4677 —
946 4632 1129 4695 Monumenti
1149 4637 1272 4714 scenici,
1299 4635 1413 4698 Annul.

304 4722 406 4784 lustit.
421 4722 520 4799 aron,
535 4724 625 4797 1853,
636 4741 668 4801 p.
682 4725 721 4783 33
732 4728 762 4783 et
777 4741 834 4802 sq.;
849 4727 937 4802 1871,
951 4745 983 4805 p.
998 4729 1035 4790 97
1053 4734 1087 4788 et
1099 4747 1146 4808 sq.
