3736 5784
769 736 930 796 ..27-

286 867 385 941 ribus
399 861 582 953 humanis,
600 887 646 937 nc
668 858 795 938 ¹divinis
818 864 965 961 quidem
984 864 1246 942 abstinuerunt.
1264 869 1403 964 Quippe

286 985 323 1058 iu
339 983 477 1056 theatro
495 987 576 1054 ante
591 985 742 1054 statuam
757 981 921 1056 Cratonis
936 981 1111 1078 tripodem
1125 990 1160 1056 et
1173 982 1401 1057 thuribulum

285 1100 452 1175 constitui
476 1100 678 1195 jusserunt,
711 1098 878 1175 mandata
913 1099 1085 1175 sacerdoti
1114 1103 1204 1199 regis
1234 1103 1404 1175 Eumenis

286 1241 371 1292 cura
390 1223 428 1290 ut
444 1216 634 1312 quotannis
650 1217 734 1290 thus
754 1218 793 1289 in
811 1217 888 1313 ejus
906 1217 1081 1291 honorem
1100 1230 1319 1291 cremaretur
1333 1215 1384 1315 (l)

285 1335 369 1408 Post
385 1331 484 1404 illius
503 1337 623 1404 autem
647 1330 799 1422 obitum,
817 1355 862 1406 ne
882 1333 970 1405 tanti
983 1333 1048 1406 viri
1066 1335 1240 1407 memoria
1253 1355 1404 1406 evanes-

189 1452 191 1454 ’
287 1455 395 1538 aeret,
420 1448 495 1520 dies
510 1445 678 1519 solennes
697 1445 741 1520 de
758 1446 837 1544 ejus
856 1449 1001 1522 nomine
1015 1449 1134 1544 peragi
1151 1454 1186 1521 et
1205 1472 1284 1544 quae
1302 1471 1404 1520 man-

287 1565 368 1638 data
386 1565 490 1637 Grato
510 1563 554 1637 dc
577 1586 725 1636 munere
739 1587 803 1636 suo
820 1562 991 1651 ediderat,
1014 1587 1123 1638 sacroe
1142 1564 1228 1661 legis
1242 1566 1402 1652 nornine,

288 1688 364 1755 rata
383 1690 459 1754 esse
469 1679 655 1776 jusserunt
670 1678 737 1778 (l).
760 1681 855 1765 Quin
875 1681 981 1753 etiam
1001 1681 1146 1768 scenici,
1170 1682 1275 1754 tantis
1295 1680 1405 1755 bene-

289 1797 379 1871 ficiis
393 1804 428 1870 et
447 1802 544 1869 tauta
559 1797 720 1870 Cratonis
740 1797 836 1892 apud
855 1819 953 1892 reges
969 1796 1082 1893 gratia
1106 1794 1244 1871 facilius
1268 1796 1405 1870 inducti

290 1921 391 1988 erant
425 1918 466 1985 ut
498 1912 782 1986 deminutionem
814 1918 924 1985 status
963 1911 1146 2008 popularis
1184 1917 1403 2008 paterentur.

291 2031 428 2127 Quippe
444 2031 482 2102 in
503 2027 640 2102 ultimis
655 2029 752 2102 illius
768 2029 846 2101 ritae
868 2027 1104 2126 temporibus,
1126 2029 1174 2100 ita
1193 2027 1347 2101 scrihere
1362 2027 1407 2098 li-

291 2147 365 2219 cuit
385 2171 393 2220 :
421 2175 436 2212 a
456 2148 589 2236 Crato,·
607 2143 769 2219 sacerdos
785 2144 924 2241 collegii
941 2145 984 2217 iis
1000 2145 1062 2242 qui
1078 2141 1144 2216 sub
1161 2145 1237 2241 ipso
1258 2165 1407 2240 congre-

292 2263 362 2358 gati
381 2268 415 2334 et
436 2261 541 2358 positi
561 2268 643 2334 sunt
661 2261 727 2362 (3).
749 2291 766 2328 »

346 2377 387 2450 Ut
407 2376 500 2475 apud
512 2377 645 2474 justam
660 2380 849 2467 civitatem,
870 2379 921 2452 sic
936 2380 1030 2476 apud
1050 2377 1228 2453 artificum
1243 2376 1405 2474 collegia,

292 2495 509 2592 legationum
535 2519 640 2569 usum
664 2502 699 2569 et
721 2519 964 2593 proxenorum
988 2495 1249 2569 institutionem
1274 2493 1410 2590 reperi-

293 2636 386 2685 mus.
409 2612 590 2687 Proxenus
608 2612 789 2686 artificum
804 2612 912 2685 luisse
927 2635 946 2684 e
967 2609 1071 2684 titulo
1086 2610 1224 2707 Rhegio
1235 2611 1311 2706 jam
1326 2608 1409 2681 licet

292 2730 464 2829 suspicari
475 2757 484 2818 ;
505 2731 563 2804 sed
580 2730 673 2804 male
692 2728 858 2826 descripti
873 2728 1002 2825 lapidis
1016 2749 1090 2800 non
1112 2727 1160 2799 ita
1174 2732 1313 2800 certum
1332 2748 1407 2799 esse

293 2847 537 2922 testimonium
563 2847 716 2922 arbitror
740 2845 806 2945 (d)
838 2845 960 2919 Altero
983 2851 1103 2918 aulem
1129 2844 1268 2917 tollitur
1292 2844 1408 2917 omnis

294 2962 480 3052 dubitatio,
508 2963 610 3060 cujus
628 2964 772 3037 initium
796 2985 901 3059 prave
927 2961 1131 3036 restitutum
1158 2961 1195 3034 in
1221 2959 1407 3033 meliorem

295 3081 447 3156 sormam
466 3080 583 3178 redegi
603 3079 615 3180 (
643 3080 668 3180 ).

533 3285 586 3367 [Τὸ
600 3285 686 3346 κοινὸν
697 3287 750 3345 τῶν
767 3284 827 3367 περ)
840 3283 884 3344 τὸν
898 3281 973 3362 dd]

535 3407 580 3444 σον
594 3384 732 3465 τεχνιτῶ]ν
752 3386 804 3442 τῶν
820 3384 857 3452 εἷς
872 3381 994 3462 'labbaeo

534 3483 578 3542 καὶ
592 3481 733 3562 Ν]ε(μεΊαν
749 3479 968 3560 συντελούν[των.
980 3523 988 3539 .
1001 3524 1008 3539 .
1020 3523 1027 3541 .
1041 3521 1069 3542 ..

535 3581 685 3650 Ζτυξίππου
700 3579 752 3660 adp
766 3579 900 3661 πρόξενο[ν
914 3579 960 3639 καὶ
972 3579 1110 3660 εὐεργέτην

534 3682 635 3738 ἑαυτῶν
649 3677 780 3738 Διονύσωι
794 3681 887 3760 ἀρετῆς
899 3677 985 3737 ἕνεκεν
999 3677 1044 3737 καὶ

536 3777 646 3851 εὐνοίας,
661 3777 694 3850 ἣν
708 3775 777 3857 ἔχων
793 3778 907 3836 διατελεῖ
922 3774 959 3844 εἷς
970 3798 1000 3834 τε
1011 3772 1071 3842 τοὺς

538 3877 657 3958 τεχνίτας
671 3876 717 3937 καὶ
731 3881 778 3950 τῆς
790 3878 828 3946 εἰς
845 3875 889 3937 τὸν
905 3875 962 3936 θεὸν
975 3873 1118 3941 εὖσεὸείας.

302 4061 308 4074 ’
347 4064 399 4139 De
411 4066 589 4164 proxenis,
606 4066 702 4162 quod
721 4066 908 4162 proprium
926 4064 994 4137 fuit
1016 4063 1220 4137 Graecarum
1233 4062 1414 4135 civitatum

300 4183 514 4272 institutum,
536 4181 707 4257 disserere
726 4204 985 4279 supervacuum
1011 4182 1068 4269 sit,
1091 4181 1223 4279 quippe
1249 4180 1311 4276 qui
1333 4176 1414 4274 plu-

340 4448 381 4532 (l)
407 4449 521 4529 Corpus
533 4450 621 4510 inser.
637 4470 697 4530 pr„
712 4452 790 4513 3068
804 4451 842 4526 Α,
858 4449 880 4512 l.
893 4451 996 4511 23-28.

339 4545 383 4627 (α)
398 4545 511 4627 Corpus
521 4547 609 4610 inser.
621 4566 682 4627 pr„
696 4548 784 4616 3069,
797 4543 819 4604 l.
830 4545 974 4605 34-36.-
985 4541 1026 4624 (3)
1039 4539 1151 4624 Corpus
1160 4543 1245 4602 inser.
1253 4541 1414 4619 pr.,3070,

337 4639 381 4720 (4)
404 4642 517 4720 Corpus
532 4642 621 4703 inser.
636 4660 698 4720 pr„
715 4642 804 4702 5762.

339 4733 381 4814 (5)
407 4735 487 4812 Keil,
503 4733 623 4814 Sylloge
636 4734 725 4793 inser.
741 4731 838 4808 tuor,
855 4749 885 4810 p.
900 4733 951 4793 80.
