3420 5604
896 588 1033 648 ..5-

407 725 468 796 aut
487 716 665 814 lapidibus
684 718 863 817 inspectis,
889 744 1013 795 rursus
1035 722 1239 818 transcripsi
1264 728 1312 815 et,
1341 728 1516 820 quantum

307 882 310 889 »
406 837 483 916 tieri
502 835 630 937 potuit,
647 833 685 909 in
702 835 885 914 meliorem
901 837 1050 915 formam
1071 839 1190 939 redegi
1208 837 1271 940 (t).

940 1149 983 1224 11.

407 1411 564 1492 quibu·
583 1410 628 1467 in
647 1409 746 1469 loct·
765 1413 962 1469 coiverint
982 1417 1023 1471 ct
1043 1415 1194 1484 quibus
1214 1427 1265 1472 cx
1283 1415 1518 1476 hominibus

478 1511 738 1570 constiterint
757 1514 1013 1572 scenicorum
1032 1511 1239 1573 artificum
1258 1510 1449 1588 numici

456 1750 675 1848 Aprincipio
694 1751 827 1824 scenici
847 1752 999 1827 artifices
1020 1753 1153 1851 private
1170 1754 1276 1828 vitam
1289 1751 1439 1850 agebant
1452 1776 1518 1829 nec

407 1867 475 1940 nisi
494 1865 678 1941 exercendi
705 1865 845 1941 artificii
866 1890 984 1956 causa,
1008 1874 1042 1941 et
1066 1868 1102 1941 id
1129 1867 1275 1966 quidem
1296 1867 1340 1942 ad
1365 1874 1514 1967 tempus,

408 1983 597 2058 convenire
624 1981 784 2057 solebant
792 2010 802 2073 ;
825 1983 969 2059 tandem
999 1985 1036 2057 iu
1061 2007 1190 2081 corpus
1208 1991 1418 2082 perpetuum
1444 2010 1519 2062 sese

408 2105 711 2197 congregaverunt
740 2122 813 2174 uon
843 2107 979 2174 actores
1005 2101 1111 2175 modo
1137 2102 1199 2176 sed
1225 2102 1332 2175 etiam
1354 2107 1468 2199 poetas
1485 2105 1521 2173 et

408 2217 535 2290 musici
545 2222 651 2313 atque
661 2238 786 2290 omnes
797 2216 1003 2314 quicunque
1014 2216 1146 2292 Bacchi
1157 2216 1252 2292 festis
1266 2212 1517 2289 inserviebant.

409 2335 520 2431 Cujus
543 2332 751 2407 mutationis
779 2338 921 2429 tempus
947 2335 1051 2408 certis
1073 2332 1298 2409 documentis
1325 2331 1431 2405 statui
1450 2353 1518 2404 uon

408 2454 535 2546 potest,
563 2471 674 2545 quum
700 2454 778 2522 acta
803 2447 1036 2546 collegiorum
1062 2449 1233 2546 pleraque
1260 2447 1417 2522 secundo
1440 2452 1520 2520 ante

409 2564 639 2638 christianam
656 2569 796 2638 aetatem
814 2563 955 2654 sreculo,
971 2587 1084 2662 pauca
1096 2565 1198 2638 tertio
1211 2558 1422 2659 assignanda
1433 2559 1518 2633 sint.

409 2680 512 2753 Prius
529 2686 647 2755 tamen
662 2681 860 2755 institutam
875 2682 981 2755 fuisse
998 2701 1125 2756 novam
1144 2681 1238 2754 hanc
1252 2679 1426 2754 rationem
1441 2700 1523 2775 pro·

409 2794 527 2870 babile
541 2802 603 2887 est,
627 2803 662 2871 et
686 2799 778 2873 circa
798 2796 952 2895 Philippi
982 2797 1243 2894 Alexandrique
1262 2802 1422 2893 tempora
1446 2795 1523 2867 ini-

410 2912 500 2985 tium
518 2913 700 2987 habuisse.
720 2914 942 2988 Vocabulum
967 2921 1061 2990 certe
1079 2914 1196 3011 ipsum
1212 2920 1241 2985 οἱ
1258 2916 1326 3009 περὶ
1344 2916 1398 2983 τὸν
1416 2914 1523 2983 Διόνυ-

410 3056 460 3100 σον
474 3039 616 3127 τεχνῖται
630 3028 725 3126 apud
744 3030 968 3105 Aristotelem
984 3032 1138 3128 primum
1155 3031 1309 3127 reperire
1328 3034 1381 3103 est
1395 3025 1461 3124 (2).

459 3144 596 3219 Scenici
615 3168 688 3219 non
714 3146 752 3218 in
774 3169 884 3220 unam
904 3148 1106 3222 societatem
1125 3145 1279 3220 universi
1297 3143 1518 3228 coaluerunt,

410 3259 473 3332 sed
492 3261 618 3334 eodem
639 3262 798 3354 nomine,
824 3262 932 3337 simili
955 3262 1118 3353 artificio,
1137 3261 1244 3336 simili
1263 3259 1466 3335 conditione
1487 3265 1520 3329 et

410 3374 564 3465 fortuna,
591 3376 790 3474 singulam
812 3378 960 3476 singulis
987 3378 1191 3476 regionibus
1209 3377 1358 3474 collegia
1380 3375 1522 3450 exstite-

411 3497 508 3564 runt.
527 3490 613 3566 Inde
637 3495 819 3567 communi
838 3495 1001 3568 omnium
1022 3493 1207 3585 vocabulo,
1229 3518 1294 3590 pro
1315 3516 1351 3567 se
1371 3513 1524 3590 quaeque

411 3606 578 3682 sodalitas
602 3609 820 3684 mentionem
839 3611 1056 3708 peculiarem
1078 3608 1214 3685 addidit
1236 3610 1423 3708 regionum
1438 3629 1524 3704 quas

440 3810 493 3891 '(t)
514 3812 558 3873 De
576 3814 706 3875 scenicis
720 3814 903 3892 artificibus
926 3815 1033 3877 videas
1047 3815 1183 3878 maxime
1197 3833 1269 3896 quae
1288 3814 1386 3876 edidit
1405 3815 1520 3893 Egger,

409 3905 574 3967 thoires
586 3906 625 3968 de
639 3907 815 3970 littdrature
828 3909 991 3983 ancienne,
1003 3909 1085 3991 Coup
1104 3909 1185 3970 d‘oeil
1195 3928 1246 3970 sur
1259 3908 1281 3970 ἴ
1282 3907 1400 3970 histoire
1412 3905 1460 3966 des
1473 3923 1522 3964 ac-

410 4007 490 4059 tenrs
502 3999 573 4060 dnos
585 3999 769 4083 l'unta'quitss
781 3993 897 4064 Etudes
910 4023 964 4065 sur
977 4005 1024 4066 les
1035 4005 1144 4066 traites
1155 4003 1277 4084 publics
1289 4002 1361 4064 chez
1374 4000 1418 4061 les
1431 4001 1524 4060 Grecs

410 4097 442 4154 et
455 4093 501 4153 les
513 4095 672 4172 Romaim,
688 4096 851 4177 Apperadme
863 4097 917 4176 IV,
933 4099 1069 4160 Arebiues
1082 4097 1130 4159 des
1143 4097 1352 4178 corpor-atine.
1366 4128 1407 4140 -
1420 4094 1522 4164 Patin‚

413 4175 522 4247 Etndes
534 4206 585 4246 ser
599 4186 639 4248 les
655 4190 804 4269 traniques
817 4209 910 4269 oreas,
925 4196 949 4253 t.
964 4193 989 4268 1,
1004 4209 1036 4271 p.
1054 4194 1110 4254 105
1124 4196 1156 4252 et
1168 4208 1217 4270 sq.

451 4278 491 4358 (2)
513 4281 686 4359 Aristotel„
706 4283 822 4358 Probl.‚
844 4286 941 4362 XXX,
966 4287 1014 4346 tO.
1026 4308 1093 4341 —u
1109 4284 1173 4346 Alii
1195 4281 1324 4363 quidem
1337 4298 1388 4343 eos
1402 4280 1526 4362 Dionyse

409 4371 591 4451 adulatores,
611 4375 671 4455 ipsi
692 4395 765 4438 vero
780 4396 813 4438 se
827 4377 956 4459 artifices
978 4378 1160 4459 appellant;
1183 4377 1253 4438 haec
1273 4380 1378 4436 autem
1397 4375 1526 4436 nomina

411 4467 504 4528 ambo
529 4470 721 4550 metaphorae
743 4477 827 4547 sunt,
851 4473 906 4535 sed
936 4473 1072 4536 alterum
1098 4469 1366 4546 dedecorantium,
1392 4471 1527 4532 alterum

410 4566 528 4624 contra.
547 4587 561 4620 s
578 4562 714 4639 libetur„
729 4565 783 4645 111,
796 4568 827 4628 2.
