3736 5784
770 662 930 724 ..29-

292 796 482 892 collegium
509 818 595 868 snus
620 800 712 869 esset
733 795 870 892 legatus
885 793 950 891 (l).
977 798 1026 867 De
1046 792 1186 868 duabus
1206 795 1406 868 Atticorum

291 913 515 986 scenicorum
533 911 578 985 ad
592 910 866 1008 Amphictiones
880 911 1132 1008 legationibus,
1151 909 1239 1008 quid
1258 912 1405 1009 egerint,

291 1029 403 1103 serius
418 1029 664 1125 inquiremus;
688 1050 785 1101 nunc
809 1027 932 1125 quales
951 1026 1083 1102 suerint
1103 1027 1186 1101 satis
1203 1028 1270 1103 erit
1290 1019 1410 1102 osten-

289 1145 384 1219 dere.
402 1148 481 1218 Una
503 1143 617 1217 functi
633 1149 716 1217 sunt
730 1144 983 1240 tragoediarum
1003 1149 1106 1240 poeta
1125 1149 1161 1217 et
1179 1145 1333 1242 tragicus
1352 1167 1408 1218 ac-

289 1267 362 1350 tor;
394 1259 517 1348 altera,
550 1283 645 1333 unus
670 1257 923 1356 tragoediarum
953 1267 1077 1357 poeta,
1103 1266 1258 1356 quatuor
1285 1261 1407 1358 tragici

289 1375 554 1474 hppodidascali
564 1403 574 1465 ;
591 1374 687 1450 unde
697 1376 737 1448 fit
748 1375 940 1449 verisimile
952 1377 990 1449 in
1001 1376 1118 1450 Attico
1133 1377 1283 1474 collegio
1300 1377 1409 1450 mini-

291 1516 387 1566 mam
406 1491 514 1566 luisse
534 1492 755 1565 musicorum
774 1491 1041 1581 auctoritatem,
1067 1491 1267 1588 plurimum
1286 1499 1405 1567 autem

291 1608 441 1683 valuisse
453 1608 515 1704 qni
530 1606 661 1681 fabulis
675 1606 820 1705 agendis
838 1629 983 1702 operam
998 1605 1129 1680 dabant
1152 1613 1213 1697 (2).

339 1725 518 1799 lllustrata
547 1723 781 1821 collegiorum
809 1725 1033 1799 scenicorum
1065 1724 1223 1815 ratione,
1253 1748 1309 1799 res
1331 1725 1407 1822 ipsa

290 1842 460 1916 admonet
479 1848 516 1914 ut
537 1865 578 1915 ea
602 1864 685 1914 curn
710 1840 832 1914 thiasis
853 1852 888 1913 et
912 1841 1037 1915 ceteris
1060 1840 1097 1914 id
1120 1863 1232 1937 genus
1247 1841 1406 1939 collegiis

290 1957 485 2049 conferam,
512 1955 643 2056 quihus
669 1957 773 2053 vulgo
802 1957 935 2030 scenici
964 1955 1118 2030 artifices
1141 1957 1405 2031 adscribuntur.

289 2073 473 2148 Nonnulla
489 2073 586 2146 enirn
605 2073 643 2145 in
658 2073 819 2169 utrisque
835 2079 1051 2170 congruunt,
1070 2072 1131 2148 sed
1151 2072 1265 2148 multo
1287 2073 1404 2170 plura,

291 2199 326 2266 et
339 2216 381 2266 ea
394 2191 538 2288 quidem
555 2190 701 2286 majoris
719 2190 905 2279 momenti,
921 2189 1138 2286 discrepent,
1155 2213 1235 2285 quae
1256 2212 1407 2265 accura-

291 2307 361 2380 tius
374 2307 538 2404 persequi
551 2313 702 2403 oportet.

338 2423 456 2497 Thiasi
481 2424 641 2496 numinis
664 2421 851 2520 cujusdam
875 2423 1116 2520 patrocinium
1143 2430 1178 2498 et
1206 2446 1406 2521 cognomen

290 2548 487 2630 assumunt,
510 2548 549 2614 ut
567 2542 785 2638 Serapiastae,
805 2539 993 2631 Paniastm‚
1010 2548 1078 2616 etc.
1109 2546 1189 2618 Non
1206 2543 1330 2638 patriae
1345 2541 1405 2616 sed

289 2657 407 2732 cultus
422 2658 676 2731 communione
693 2658 847 2731 maxime
866 2665 1139 2756 congregentur.
1157 2659 1344 2747 Praeterea,
1367 2666 1408 2732 ut

289 2774 326 2846 in
346 2774 495 2848 scenicis
509 2772 679 2870 collegiis,
696 2774 745 2847 ita
759 2774 796 2845 in
818 2773 954 2861 thiasis,
978 2797 1034 2848 res
1053 2798 1117 2871 per
1131 2773 1357 2871 magistratus
1371 2781 1407 2849 et

289 2892 489 2965 sacerdotes
517 2913 655 2964 annuos
679 2887 985 2979 administrantur,
1011 2898 1087 2962 tum
1102 2914 1243 2964 summa
1258 2898 1410 2987 potestas

288 3004 471 3080 concionis
489 3011 542 3079 est
570 3006 607 3077 in
629 3027 699 3101 que
718 3005 922 3102 congregati
941 3004 1079 3080 sodales
1100 3006 1254 3079 universi
1275 3006 1408 3080 suffra-

288 3122 386 3219 gium
404 3120 448 3196 dc
463 3122 631 3196 omnihus
653 3120 785 3212 ferunt,
804 3118 848 3194 de
874 3121 1136 3217 magistratibus
1155 3121 1342 3219 eligendis,
1362 3122 1406 3197 de

287 3237 503 3337 accipiendis
518 3236 733 3329 rationibus
755 3238 800 3310 de
821 3237 964 3310 mulctis
983 3246 1018 3312 ct
1034 3239 1171 3328 ceteris,
1195 3262 1275 3336 quae
1296 3262 1405 3337 penes

287 3358 461 3457 populum
476 3357 698 3430 scenicorum
720 3354 827 3427 fuisse
848 3353 956 3428 modo
973 3354 1140 3429 vidimus.
1160 3355 1253 3428 Sunt
1268 3367 1302 3430 et
1317 3357 1406 3430 thia·

288 3476 336 3549 sis
349 3498 422 3560 suae
435 3473 543 3569 leges,
555 3469 774 3567 suetempla,
787 3471 842 3542 sni
854 3470 999 3562 reditus,
1012 3493 1204 3545 commune
1216 3472 1403 3562 aerarium;
1485 3481 1487 3488 ’

287 3586 398 3666 iidem
417 3590 508 3665 hene
534 3589 668 3663 meritis
695 3585 905 3660 tribuuntur
930 3586 1085 3662 honores
1110 3587 1160 3661 ita
1186 3595 1227 3661 nt
1250 3589 1405 3685 speciem

286 3706 440 3781 intuenti
461 3705 600 3779 scenica
621 3702 770 3799 collegia
795 3701 887 3776 nihil
911 3702 1011 3778 eliud
1034 3726 1142 3800 quam
1170 3704 1275 3777 thiasi
1295 3729 1406 3802 genus

287 3823 394 3896 inisse
413 3823 525 3896 videri
539 3820 734 3919 potuerint.

336 3941 372 4014 Si
394 3939 473 4036 quis
496 3960 578 4011 vero
610 3935 796 4033 inspiciat,
827 3934 986 4032 prolecto
1015 3957 1123 4032 quarn
1154 3937 1332 4011 diversum
1362 3939 1406 4012 sit

287 4065 481 4153 utrumque
494 4078 608 4151 genus
630 4054 816 4152 intelligat.
834 4053 997 4127 Primum
1017 4053 1114 4128 enim
1135 4053 1171 4126 in
1198 4054 1320 4128 thiasis
1341 4079 1407 4151 par

327 4379 369 4459 (l)
389 4382 432 4440 Le
453 4377 512 4439 Bas
530 4382 563 4439 et
581 4375 809 4456 Waddington,
834 4374 929 4437 locor.
951 4371 1210 4455 d'Asie-Mr'oeure,
1226 4380 1303 4456 ¹28l,
1326 4379 1349 4441 1.
1372 4385 1403 4458 l,

288 4473 387 4536 att-36.
402 4472 507 4532 Verba
516 4471 694 4552 legatorum
707 4471 779 4533 vide
795 4490 825 4551 p.
843 4472 895 4532 59.

328 4567 371 4648 (h)
391 4569 523 4627 Decreta
537 4564 806 4646 Amphiotionum,
822 4565 845 4625 l.
862 4566 975 4640 ³5-3r;
997 4565 1098 4627 42-48.
1110 4597 1149 4611 -
1164 4566 1208 4627 De
1220 4565 1407 4648 hypodidas-

290 4661 366 4723 calis
379 4660 452 4722 vide
467 4677 498 4738 p.
514 4661 564 4720 75.
