3736 5784
792 697 952 758 ..31-

316 853 399 904 nem
419 833 453 903 et
473 851 514 902 ea
533 853 613 926 quae
635 830 710 925 jam
731 829 1009 926 supradiximus
1032 838 1065 906 et
1087 831 1149 905 illa
1174 831 1325 906 maxime
1349 853 1430 927 quae

316 946 526 1044 disputanda
540 950 635 1032 sunt,
657 945 872 1042 ostendent(
899 946 930 1046 ).

840 1253 901 1327 lV.

314 1517 526 1592 Quomodo
538 1516 696 1572 mntem
709 1516 877 1582 collegia
887 1513 940 1571 ab
953 1516 1132 1572 omullo
1145 1515 1316 1570 deorum
1330 1515 1432 1571 benc

474 1616 614 1672 habito
626 1615 728 1684 ipsis
745 1615 823 1672 dnn
840 1616 1016 1684 ursatum
1029 1608 1280 1671 habuerint?

364 1856 549 1952 Magnifice
569 1853 613 1928 de
630 1852 829 1951 semetipsis
843 1855 992 1930 sensisse
1007 1855 1167 1929 scenicos
1185 1853 1342 1937 artifices
1362 1856 1431 1929 dc-

316 1971 568 2045 claranttituli.
585 1970 750 2044 Laudant
763 1971 859 2044 enim
877 1976 1078 2045 curatorem
1095 1995 1200 2044 suum
1214 1970 1319 2044 Attici
1336 1971 1433 2066 quod

315 2087 494 2162 beneficiis
518 2087 668 2183 adeptus
697 2088 742 2159 sit
779 2115 794 2153 α
820 2087 998 2161 artificum
1023 2087 1308 2162 benevolentiam
1334 2087 1431 2160 omni

316 2203 466 2300 pecunia
485 2204 661 2299 potiorem
682 2200 733 2298 (2)
750 2231 786 2272 ».
801 2203 967 2299 Amplius
986 2203 1092 2276 etiam
1110 2202 1200 2275 illud
1224 2200 1393 2276 Teiorum
1413 2228 1433 2276 a

318 2319 445 2416 quibus
460 2316 676 2415 praedicatur
698 2319 944 2393 «immortalis
964 2319 1142 2392 artificum
1165 2319 1278 2415 gloria
1295 2342 1385 2414 quos
1397 2326 1431 2392 et

316 2437 364 2509 dii
382 2444 415 2510 et
430 2460 527 2534 reges
540 2443 575 2510 et
589 2437 702 2508 Graeci
718 2436 872 2508 universi
892 2436 1023 2510 honori
1039 2436 1172 2510 babent
1187 2434 1239 2534 (3)
1254 2465 1292 2508 u.

364 2555 465 2626 Hanc
478 2553 667 2627 verborum
686 2550 891 2648 superbiam
913 2575 968 2626 res
988 2553 1073 2649 ipsae
1098 2551 1232 2649 (rarum
1249 2553 1287 2625 in
1311 2551 1431 2624 homi-

315 2669 422 2742 nibus
444 2669 492 2744 de
514 2669 710 2767 semetipsis
734 2666 1025 2766 praedicantibus)
1046 2667 1136 2742 adeo
1161 2691 1235 2741 non
1258 2667 1432 2740 refellunt

315 2793 377 2860 aut
404 2792 608 2877 extenuant,
630 2790 813 2858 utcontra
842 2785 1056 2858 confirment
1087 2792 1194 2881 atque
1227 2785 1335 2858 etiam
1367 2808 1431 2858 au-

314 2909 431 2998 geant.

331 3116 333 3122 7
366 3020 427 3092 Rei
456 3018 604 3092 scenicae
636 3041 777 3115 semper
807 3017 931 3092 lavisse
962 3019 1047 3091 deos
1083 3025 1258 3092 testantur
1286 3017 1431 3094 oracula

315 3159 428 3233 quum
447 3135 492 3209 ab
516 3135 684 3231 Apolline
706 3134 846 3230 Pythio,
868 3141 946 3208 tum
970 3159 989 3208 a
1008 3139 1091 3209 Jove
1114 3136 1295 3209 Dodonaeo
1315 3135 1427 3223 edita;

314 3252 446 3351 quibus
474 3253 626 3327 recitatis
651 3250 751 3326 addit
781 3253 1035 3326 Demosthenes
1070 3277 1078 3325 :
1118 3282 1133 3320 a
1161 3256 1251 3326 Sunt
1278 3251 1426 3340 civitati,

312 3370 559 3456 Athenienses,
585 3374 622 3442 et
635 3369 712 3442 haec
732 3374 766 3442 et
784 3369 897 3441 multa
911 3367 982 3441 alia
997 3369 1156 3458 oracula,
1170 3368 1265 3443 bonu
1285 3373 1320 3440 et
1338 3390 1430 3463 prae-

314 3485 422 3559 clara.
441 3486 533 3571 Quid
549 3485 657 3582 igitur
672 3509 714 3558 ex
730 3484 801 3557 illis
822 3508 886 3558 nos
908 3486 942 3556 in
963 3491 1082 3560 mente
1106 3485 1239 3558 babere
1264 3489 1429 3581 oportet?

315 3599 407 3673 lllud
425 3623 508 3675 saue
528 3623 536 3672 ε
559 3607 676 3674 cetera
699 3598 846 3696 quidem
869 3623 969 3673 sacra
984 3599 1050 3673 diis
1065 3601 1102 3673 in
1118 3622 1337 3697 unoquoque
1356 3622 1430 3672 res-

314 3739 428 3811 ponso
455 3714 645 3813 designatis
672 3695 790 3813 peragi
812 3719 970 3812 jussum,
1001 3717 1063 3791 sed
1085 3717 1213 3790 choros
1235 3716 1372 3788 institui
1395 3723 1430 3788 et

315 3832 407 3904 cives
432 3833 595 3906 coronari
616 3832 814 3904 secundum
833 3833 946 3928 patria
969 3833 1150 3922 instituta,
1190 3832 1229 3902 in
1262 3829 1429 3904 omnibus

315 3969 455 4042 semper
485 3947 640 4020 oraculis
671 3947 833 4019 additum
858 3943 925 4045 (d).
956 3976 972 4014 u
1008 3941 1093 4020 Hae‘c
1123 3943 1296 4020 vocabula
1326 3950 1429 4043 χόρους

315 4067 436 4133 ἱστάναι
453 4063 559 4136 latius
574 4086 682 4160 quam
698 4062 743 4137 ad
758 4063 887 4137 choros
902 4064 997 4160 ipsos
1007 4069 1163 4160 spectare
1174 4069 1209 4136 et
1221 4086 1298 4136 rem
1309 4063 1431 4136 sceni-

352 4309 394 4389 (l)
416 4311 460 4371 Dc
481 4309 590 4371 thiasis
604 4309 673 4370 vide
690 4310 840 4385 Foucart,
858 4307 906 4369 dea
921 4307 1115 4368 Associoticus
1129 4307 1293 4388 reliqieuaes
1307 4307 1373 4370 char
1388 4305 1427 4368 lea

314 4402 411 4465 Gracc.
427 4405 526 4480 Paris,
543 4407 631 4466 late
937 4476 943 4494 ,

352 4496 394 4578 (2)
416 4500 467 4558 Fr.
483 4501 683 4573 Lenormant,
698 4495 873 4557 [teoberctus
886 4499 905 4558 d
917 4497 1045 4570 Eleusis,
1062 4500 1111 4574 26,
1128 4496 1150 4557 lt
1167 4501 1217 4558 43.-

353 4589 393 4671 (3)
420 4590 534 4671 Corpus
548 4592 635 4652 haser.
651 4611 712 4672 pan,
728 4592 818 4667 3067,
831 4590 854 4651 l.
872 4593 972 4652 ldl'l.

353 4684 395 4765 (l)
416 4674 590 4762 Demosth,
608 4687 637 4745 iu
653 4684 786 4758 Atidium,
803 4687 908 4746 51-55.
