3736 5784
753 721 911 780 ..33-

277 855 473 949 patrocinio
490 854 699 951 gloriantur.
717 856 792 927 lam
808 851 931 926 omnia
946 852 991 925 ad
1005 857 1136 924 ooetum
1158 876 1263 924 suum
1285 853 1391 948 perti·

278 972 399 1043 nentia
413 995 485 1045 non
505 970 757 1046 communibus
771 993 890 1044 rerum
906 968 1100 1057 vocabulis,
1114 969 1176 1043 sed
1195 969 1301 1043 sacris
1322 992 1390 1064 ap-

277 1085 413 1182 pellant
423 1114 432 1175 3
450 1112 522 1162 non
541 1088 745 1186 collegium,
767 1085 828 1160 sed
845 1109 985 1159 sacrum
1001 1083 1211 1182 collegium
1228 1107 1302 1158 nou
1320 1083 1387 1171 lex,

278 1199 340 1274 sod
361 1226 460 1278 sacra
478 1204 533 1279 lor
558 1204 702 1292 dicitur3
735 1205 761 1277 si
789 1203 870 1300 quis
899 1201 1035 1298 aliquid
1058 1203 1218 1276 muneris
1237 1200 1388 1291 confert,

278 1341 351 1392 non
375 1319 448 1408 dat,
475 1319 535 1394 sed
556 1329 749 1394 consecrat.
770 1322 836 1393 Res
856 1341 999 1416 quoque
1018 1340 1101 1391 cum
1122 1319 1282 1392 oratione
1299 1340 1391 1390 cou-

278 1442 422 1532 gruunt.
444 1439 560 1510 Suum
582 1438 713 1534 cuique
727 1435 876 1533 collegio
892 1435 1066 1530 templum
1077 1440 1197 1530 τέμενος
1212 1432 1277 1530 (sic
1294 1433 1391 1509 enim

280 1551 411 1624 dicitur
430 1550 621 1626 aedilioium
648 1553 775 1648 inquo
793 1553 888 1626 coire
907 1550 1036 1647 solent)
1057 1552 1108 1647 (1)
1118 1577 1128 1640 ;
1150 1550 1195 1626 ad
1214 1549 1311 1648 quod
1331 1575 1392 1624 or-

279 1669 440 1741 nandum
469 1668 566 1742 lestis
592 1667 717 1742 diebus
739 1668 859 1766 magni
884 1674 1048 1764 sumptus
1072 1666 1321 1764 erogabantur.
1354 1671 1394 1739 ln

278 1785 359 1872 hoo,
382 1784 583 1858 communis
597 1784 797 1882 erigebatur
811 1784 989 1858 artificum
1004 1808 1076 1873 ara,
1094 1789 1197 1874 ἑστία,
1218 1784 1261 1858 ad
1286 1800 1399 1881 quam¹

280 1901 474 1975 solenniter
512 1901 707 1998 agebantur
734 1908 813 1974 rota
842 1908 876 1975 et
908 1899 1095 1974 libationes
1131 1865 1394 2032 (lpzdditum

280 2019 400 2108 sacris,
422 2024 462 2090 nt
478 2041 555 2091 rnos
575 2025 639 2108 est,
658 2019 857 2093 convivium
875 2018 911 2090 iu
931 2041 1014 2113 quo,
1033 2024 1221 2113 postquam
1241 2041 1304 2113 per
1321 2041 1396 2092 ma-

280 2135 447 2231 gistratus
462 2133 614 2209 libatum
637 2134 764 2224 luerat,
788 2132 1018 2208 rerocabatur
1041 2133 1214 2207 memoria
1235 2134 1394 2206 virorum
1441 2134 1444 2140 ’

282 2249 341 2345 qui
365 2249 409 2322 de
441 2247 588 2345 collegio
612 2247 704 2322 bene
736 2250 853 2322 meriti
886 2252 986 2322 erant
1016 2245 1080 2345 (3).
1107 2249 1178 2321 Nec
1197 2247 1395 2344 quidquam

280 2364 474 2438 artificibus
485 2363 701 2439 laudabilius
715 2367 830 2439 visum
841 2364 908 2438 luit
926 2387 1042 2462 neque
1060 2365 1097 2436 in
1111 2364 1261 2438 decretis
1277 2364 1394 2437 ullum

277 2481 411 2579 gratius
426 2487 646 2554 memoratur
660 2479 877 2554 beneficium
896 2503 1003 2578 quarn
1022 2480 1134 2577 pietas
1152 2503 1235 2577 erga
1255 2478 1341 2582 deos
1361 2487 1396 2553 et

277 2598 315 2671 in
344 2598 451 2672 sacris
478 2599 713 2696 procurandis
744 2596 928 2695 diligentia
955 2602 990 2668 et
1022 2596 1269 2671 munificentia
1291 2596 1394 2691 (vide

276 2740 313 2812 p.
334 2716 407 2813 35).
428 2715 529 2790 Adeo
544 2715 639 2813 apud
660 2719 800 2789 Graeoos
819 2713 945 2788 dirinae
961 2713 1106 2811 originis
1122 2715 1295 2789 memoria
1309 2714 1396 2788 huic

276 2831 342 2905 arti
362 2831 505 2928 penitus
522 2831 665 2906 inhaesit
688 2837 726 2903 ut
741 2853 857 2927 neque
873 2829 1044 2926 temporis
1065 2831 1310 2932 diuturnitate,
1334 2855 1394 2904 ne·
1440 2893 1443 2900 .

277 2969 346 3043 que
371 2971 490 3020 rerum
512 2947 706 3021 mutatione
729 2945 916 3020 obliterata
937 2955 1172 3034 evanesceret,
1195 2947 1257 3021 sed
1276 2945 1321 3020 ab
1338 2948 1395 3020 his

279 3062 437 3160 collegiis
452 3069 618 3138 renovata
632 3064 677 3137 ad
687 3063 871 3158 antiquam
881 3062 1094 3159 religionem
1108 3062 1218 3160 magis
1232 3068 1266 3137 et
1281 3063 1393 3160 magis

277 3187 448 3276 spectaret
473 3185 590 3277 atque,
616 3179 799 3253 sanctitate
822 3180 981 3252 numinis
1005 3180 1179 3269 auctoris,
1206 3179 1292 3276 ipsae
1322 3202 1389 3268 res,

275 3297 341 3392 ipsi
369 3296 534 3371 homines
562 3301 869 3370 consecrarentur.
901 3299 950 3370 De
974 3320 1045 3392 quo
1070 3321 1115 3370 ne
1145 3296 1285 3371 dubites
1306 3297 1391 3371 bina

275 3412 570 3509 Amphictionum
590 3411 730 3487 decreta
749 3411 958 3502 admonent,
979 3436 1093 3510 quum
1110 3414 1163 3488 bis
1174 3414 1267 3491 illud
1288 3439 1392 3490 com-

275 3551 383 3603 mune
403 3530 548 3604 Graecia
570 3529 759 3604 consilium
775 3529 926 3604 artifices
941 3553 1053 3603 sacros
1066 3530 1231 3628 appellet.

325 3648 508 3745 Pracipna
528 3671 624 3737 sane,
652 3654 690 3720 ut
711 3645 807 3744 apud
833 3648 1058 3744 Dionysiacos
1079 3649 1243 3740 artifices,
1262 3652 1390 3724 Bacchi

275 3764 361 3839 festa
370 3791 379 3853 3
410 3765 508 3837 hunc
532 3777 723 3861 patronum
747 3789 852 3838 suurn
874 3772 908 3840 et
931 3764 1120 3862 praesidem
1157 3776 1384 3865 nuncupant;

275 3881 385 3978 hujus
413 3879 586 3956 sacerdoti
612 3881 804 3978 primarius
821 3883 858 3954 in
882 3880 1031 3981 collegio
1056 3881 1175 3975 loons;
1212 3884 1249 3956 in
1278 3883 1389 3983 hujus

274 3998 350 4073 aede
379 4004 606 4095 exponuntur
633 4021 746 4093 quum
775 3998 888 4071 incisa
922 3999 1089 4072 marmori
1124 3998 1275 4088 decreta,
1312 4007 1386 4075 tum

274 4114 378 4211 pictae
399 4122 460 4188 aut
479 4137 588 4188 aeneaa
608 4113 875 4188 benefactorum
898 4114 1043 4211 efligies.
1069 4118 1110 4186 ln
1136 4116 1244 4214 hujus
1265 4116 1387 4192 bono-

273 4255 364 4324 rem,
388 4238 518 4329 praeter
536 4232 721 4327 Dionysia,
750 4255 829 4328 quae
858 4233 1065 4306 communia
1091 4239 1175 4305 sunt
1206 4221 1384 4327 omniurn,

313 4529 354 4609 (l)
377 4524 1386 4610 Corposioscr.pr.,3069,l.3l.-Fouoart,titol.lcodot.,l.t6-20.

313 4623 356 4704 (tl)
381 4623 561 4698 Athenaeus
578 4623 617 4697 V,
631 4640 662 4701 p.
678 4623 749 4683 alu.

314 4719 355 4799 (3)
378 4717 491 4797 Corpus
506 4716 593 4776 inser.
608 4734 671 4794 pru,
686 4718 765 4779 3068
779 4717 817 4792 Α,
833 4713 855 4776 l.
872 4717 926 4792 213
942 4717 1020 4778 3068
1035 4717 1070 4793 Β,
1086 4716 1109 4778 l.
1127 4722 1173 4782 ld.

1228 4817 1247 4876 3
