3736 5784
964 634 1123 694 ..pg-

484 773 562 847 tum
578 765 765 840 habemus.
783 765 851 850 oui
870 788 941 838 non
961 766 1036 863 jam
1054 765 1192 862 collegii
1207 763 1431 862 magistratus
1457 765 1603 840 fuerunt
1726 824 1734 836 ,

485 886 547 959 sed
565 883 725 980 patroni3
750 904 867 978 neque
891 881 1067 980 suffragiis
1086 882 1263 956 artificum
1280 890 1313 955 et
1336 881 1483 957 arbitrio
1502 890 1605 956 erant

483 998 640 1087 obnoxii,
670 998 731 1071 sed
753 1022 817 1095 pro
844 1021 993 1073 munere
1019 1023 1084 1072 suo
1105 1006 1138 1072 et
1160 1022 1224 1094 pro
1244 997 1424 1096 dignitatis
1443 999 1604 1074 auctori-

483 1122 554 1190 tate
565 1115 609 1188 de
619 1115 781 1212 pecuniis
795 1115 981 1212 erogandis
996 1116 1085 1188 etde
1097 1114 1191 1188 ludis
1205 1113 1456 1189 decernebant.
1469 1119 1603 1212 Nempe

484 1256 598 1331 quum
614 1230 800 1329 cujusdam
821 1231 931 1306 Flavii
953 1230 1153 1328 Lysimachi
1175 1232 1367 1306 constituta
1386 1237 1476 1306 esset
1493 1254 1602 1328 pecu·

422 1417 424 1422 .
484 1352 560 1442 nia,
585 1372 665 1446 quae
690 1347 874 1421 cumulata
903 1349 1020 1421 usuris
1049 1372 1223 1422 novorum
1249 1348 1421 1423 ludorum
1447 1346 1604 1445 praemiis

484 1465 719 1542 decernendis
739 1465 930 1553 sufficeret,
955 1489 1041 1538 cura
1065 1466 1183 1540 omnis
1206 1466 1257 1539 rei
1281 1465 1349 1538 luit
1370 1487 1478 1562 penes
1500 1464 1605 1561 logis-

483 1590 557 1658 ten.
580 1582 662 1671 Qui,
687 1580 928 1679 flagitantibus
947 1583 1075 1678 saepius
1097 1580 1292 1655 artificibus
1316 1588 1356 1654 ut
1382 1580 1525 1654 tandem
1544 1603 1603 1654 eos

451 1761 453 1765 ,
482 1698 587 1773 ludos
602 1699 734 1786 ederet,
762 1696 944 1794 respondit
964 1697 1128 1771 nondum
1153 1698 1235 1771 satis
1255 1697 1427 1795 grandem
1443 1719 1518 1771 esse
1537 1720 1605 1793 pe-

483 1815 628 1889 cuniam
648 1811 713 1912 (l).
737 1814 896 1888 Alteram
912 1837 1056 1911 quoque
1071 1813 1205 1910 legistae
1226 1813 1410 1910 epistolam
1424 1820 1600 1902 tenemus,

485 1957 555 2030 qua
575 1931 696 2027 plures
718 1930 821 2005 ludos
841 1954 861 2004 a
880 1931 1024 2027 privatis
1044 1931 1223 2005 institutos
1243 1929 1442 2004 secundum
1468 1931 1605 2005 donau·

483 2055 576 2126 tium
597 2051 817 2125 voluntatem
842 2049 1001 2138 ordinat,
1029 2050 1280 2146 agonothetam
1304 2049 1482 2146 designat,
1508 2056 1605 2124 tem-

484 2193 565 2267 pus,
587 2169 716 2243 seriem
736 2167 985 2254 certaminum,
1014 2167 1163 2262 praemia
1184 2168 1315 2263 cuique
1336 2167 1517 2264 proposita
1543 2165 1603 2241 de·

483 2286 562 2360 finit
582 2277 665 2384 (2).

532 2400 653 2473 Altera
667 2422 709 2473 ex
727 2404 838 2494 parte,
860 2397 962 2471 nulla
982 2421 1141 2493 unquam
1161 2406 1245 2472 aetas
1260 2399 1468 2496 ampliorem
1484 2400 1604 2475 locum

487 2516 710 2590 scenicorum
727 2514 912 2587 industriae
928 2513 1098 2610 praebuit,
1113 2525 1172 2587 aut
1185 2515 1414 2612 praemiorum
1429 2516 1606 2613 copiafuit

488 2632 650 2712 feracior.
673 2633 842 2727 Magnum
862 2624 959 2705 enim
985 2654 1178 2704 numerum
1197 2630 1382 2720 ludorum,
1403 2633 1605 2706 Antonino·

487 2773 569 2825 rum
584 2754 700 2840 aetate,
718 2747 889 2822 exstitisse
906 2749 1036 2822 docent
1052 2747 1161 2838 tituli,
1179 2749 1303 2821 nonin
1322 2749 1457 2822 Graecia
1474 2749 1602 2836 solum,
1648 2743 1650 2752 '

486 2865 600 2943 sedin
615 2867 699 2940 Asia
717 2876 823 2961 atque
842 2866 949 2939 etiam
965 2865 1076 2938 ltalia.
1097 2865 1237 2937 Etenim
1259 2870 1389 2960 praeter
1400 2870 1536 2938 veteres
1550 2866 1606 2937 lu·

487 2985 550 3060 dos
577 2983 640 3081 qui
658 2981 712 3057 vel
736 2983 773 3055 in
798 2983 914 3078 parvis
941 2981 1142 3056 civitatibus
1164 2980 1440 3076 frequentissimi
1463 3005 1607 3079 perage-

487 3101 629 3188 bantur,
644 3098 810 3195 plurimae
827 3097 933 3172 urbes
949 3097 1178 3172 aemulatione
1198 3098 1363 3194 impulsae
1384 3122 1448 3173 sua
1468 3099 1603 3196 Pythia,

488 3241 552 3292 sua
574 3216 736 3312 Olympia
758 3212 939 3288 celebrare
965 3207 1191 3288 studuerunt.
1219 3218 1315 3288 Nova
1338 3239 1481 3313 quoque
1501 3217 1607 3291 series

487 3332 725 3409 certaminum
753 3331 991 3404 inhonorem
1020 3333 1274 3428 imperatorum
1301 3334 1514 3407 constituta:
1531 3336 1606 3408 Au-

488 3459 623 3551 gustea,
641 3453 811 3536 Gaesarea,
824 3447 1008 3544 Trajanea,
1027 3447 1233 3539 Hadriania,
1248 3448 1495 3539 Panhellenia‚
1509 3448 1608 3524 Anti·

488 3593 590 3659 noea,
608 3575 675 3643 etc.
691 3567 822 3640 Privati
844 3590 986 3663 quoque
1006 3565 1102 3640 haud
1124 3568 1240 3663 pauci,
1265 3577 1305 3640 ut
1322 3567 1377 3638 sui
1395 3569 1606 3642 memoriam

488 3690 695 3785 perpetuam
716 3682 973 3777 relinquerent,
989 3703 1133 3778 magnas
1150 3682 1319 3778 pecunias
1331 3682 1376 3754 ad
1394 3682 1548 3780 agendos
1563 3683 1625 3786 de⁸

489 3826 553 3877 suo
587 3800 733 3874 nomine
766 3796 890 3887 ludos,
926 3797 1125 3873 civitatibus
1161 3797 1416 3895 largiebantur.
1454 3802 1494 3871 ln
1537 3821 1607 3873 una

367 4013 371 4024 1
489 3919 822 4019 Aphrodisiensium
847 3916 934 3989 urbe
954 3917 1112 4012 quinque
1131 3917 1248 4008 ludos,
1272 3918 1468 3994 Commodo
1487 3919 1608 4015 impe-

489 4044 602 4126 rante,
624 4059 645 4108 a
666 4034 811 4131 privatis
829 4056 871 4107 eo
895 4032 1002 4105 modo
1025 4033 1203 4106 institutos
1225 4034 1445 4122 invenimus;
1468 4058 1607 4108 summa

489 4177 570 4229 vero
594 4152 697 4249 eujus
721 4174 763 4224 ex
787 4149 916 4239 reditu,
948 4149 1074 4245 quinto
1101 4173 1247 4246 quoque
1275 4174 1380 4242 anuo,
1412 4153 1607 4226 certamina

489 4268 744 4345 committenda
762 4266 908 4338 fuerunt
927 4265 972 4338 ad
988 4271 1132 4339 centum
1157 4266 1301 4362 triginta
1322 4265 1446 4358 millia,
1461 4275 1606 4342 centum

458 4491 464 4506 Α
529 4545 570 4626 (l)
596 4542 710 4623 Corpus
724 4543 809 4604 insen
823 4563 883 4623 pr„
899 4545 987 4603 2741.
1111 4608 1114 4618 Ι

528 4639 569 4717 (h)
589 4640 633 4700 Le
646 4637 706 4698 Bas
723 4642 755 4698 et
765 4636 993 4714 Waddington,
1010 4633 1102 4698 lnam.
1118 4632 1373 4716 d’Asc‘oMinecre,
1391 4641 1470 4712 {63²0
1484 4658 1509 4702 c.
