3736 5784
966 743 1006 758 ...
1028 714 1066 773 {8
1086 745 1126 756 .-

492 845 596 920 ludos
610 843 770 921 eundum
784 851 887 933 esset,
906 844 1039 918 mulcta
1054 844 1152 917 mille
1168 845 1420 919 drachmarum
1438 848 1603 942 irrogata,

369 955 371 961 ’
493 965 521 1036 si
536 964 615 1060 quis
629 964 830 1057 designatus
840 963 1006 1058 imposito
1017 963 1160 1037 muneri
1171 959 1605 1038 deesset.Excusatiorrum

493 1103 652 1178 quoque,
674 1078 790 1153 morbi
809 1085 871 1154 aut
883 1079 1012 1154 hiemis
1027 1101 1146 1167 causa,
1165 1103 1274 1176 penes
1288 1080 1500 1154 concionem
1510 1079 1607 1178 judi-

491 1197 601 1283 cium,
623 1196 672 1269 itu
691 1203 730 1268 ut
748 1219 842 1283 reus,
861 1195 1036 1292 suffragiis
1050 1201 1191 1269 tantum
1205 1194 1296 1283 latis,
1315 1194 1472 1290 legitime
1490 1194 1607 1269 absol-

492 1319 631 1385 veretur
651 1309 716 1409 (t).
738 1315 786 1382 Ex
799 1334 882 1408 quo,
902 1334 1106 1408 quanquam
1121 1334 1195 1385 non
1213 1309 1437 1384 aliudadhuc
1453 1311 1607 1384 occurrit
1680 1373 1682 1378 .

492 1427 710 1525 exemplum,
740 1428 782 1500 fit
805 1427 989 1524 probabile
1007 1451 1117 1524 penes
1146 1427 1321 1525 populum
1350 1428 1470 1502 omnia
1500 1426 1606 1501 fuisse

486 1545 635 1642 judicia.

540 1660 662 1748 Quum
681 1660 719 1732 in
739 1666 791 1734 tot
810 1666 845 1733 et
865 1667 938 1733 tarn
957 1661 1095 1757 magnis
1119 1660 1225 1733 rebus
1245 1682 1385 1733 summa
1411 1659 1501 1734 soret
1520 1661 1609 1734 uni-

492 1779 582 1851 versi
606 1777 746 1851 consilii
773 1784 949 1874 potestas,
977 1777 1069 1850 nihil
1097 1789 1214 1851 tamen
1249 1778 1294 1851 ad
1325 1777 1608 1871 conservandum

494 1894 727 1991 collegiorum
753 1893 963 1990 popularem
986 1901 1117 1967 statum
1138 1895 1249 1991 magis
1276 1893 1385 1967 valuit
1406 1917 1514 1991 quam
1535 1917 1609 1966 ma-

492 2010 703 2108 gistratuum
723 2009 825 2096 ratio,
853 2010 891 2082 in
911 2033 982 2105 qua
1008 2010 1278 2107 diligentissime
1307 2011 1486 2106 provisum
1508 2021 1547 2084 ut
1568 2012 1606 2098 ii,

492 2127 623 2224 quibus
642 2125 870 2201 mandaretur
895 2127 1121 2223 reipublicae
1146 2128 1350 2223 procuratio
1370 2134 1405 2200 et
1430 2125 1610 2200 adminis-

492 2245 611 2333 tratio,
629 2268 648 2319 e
666 2243 800 2341 populo
821 2267 961 2339 semper
975 2243 1185 2339 penderent.
1205 2245 1358 2341 Quippe,
1376 2267 1448 2316 non
1465 2244 1533 2317 nisi
1547 2268 1611 2341 per

494 2361 666 2459 sutfragia
679 2367 713 2435 et
727 2359 856 2433 annuis
872 2358 1019 2448 vicibus,
1037 2358 1232 2434 sacerdotia
1245 2369 1279 2432 et
1297 2359 1522 2454 magistratus
1539 2360 1610 2433 adi·

493 2477 581 2574 pisci
595 2475 738 2564 licebat,
756 2482 791 2549 et
808 2476 969 2549 muneris
993 2477 1148 2572 suscepti
1164 2477 1317 2549 rationes
1332 2473 1544 2565 reddendae,
1558 2482 1607 2548 at-

493 2616 564 2691 que
591 2594 697 2668 etiam
718 2595 755 2666 in
782 2593 858 2690 ipso
878 2615 985 2667 cursu
1010 2592 1172 2686 honoris,
1198 2594 1227 2666 si
1254 2592 1341 2688 quid
1359 2594 1491 2690 negotii
1514 2597 1607 2666 extra

491 2712 656 2787 ordinem
671 2713 888 2798 occurrebat,
906 2709 997 2783 nihil
1013 2717 1138 2805 sponte
1153 2732 1216 2782 sua
1230 2709 1358 2806 agendi
1370 2709 1520 2784 facultas
1534 2733 1607 2783 ma-

491 2827 694 2928 gistratibus
705 2851 884 2916 concessa,
899 2828 962 2902 sed
974 2850 1030 2900 res
1040 2823 1191 2922 priusad
1201 2824 1376 2922 populum
1387 2825 1607 2900 revocanda.

494 2949 667 3022 Praeterea
687 2969 815 3043 corpus
837 2946 1107 3041 magistratuum
1128 2941 1270 3014 nullum
1290 2940 1371 3031 fuit,
1400 2940 1460 3016 sed
1480 2942 1610 3039 singuli

495 3088 560 3161 pro
575 3087 724 3138 munere
739 3085 803 3136 suo
819 3085 901 3134 cum
916 3060 1052 3158 populo
1067 3059 1228 3155 agebant.

546 3183 682 3255 Primas
696 3185 806 3271 tenet,
822 3179 860 3252 in
873 3178 1051 3275 plerisque
1066 3174 1257 3272 lapidibus,
1276 3174 1437 3249 sacerdos
1444 3199 1453 3261 ;
1477 3174 1555 3271 qui,
1571 3181 1612 3246 ut

498 3307 551 3376 est
574 3304 854 3375 consentaneum
880 3302 915 3368 et
945 3294 1071 3367 titulus
1096 3293 1242 3390 quidam
1276 3291 1405 3364 diserte
1435 3291 1608 3380 declarat,

498 3418 628 3492 Bacchi
648 3413 830 3501 sacerdos;
855 3413 892 3484 in
916 3411 1007 3499 aliis,
1034 3410 1210 3483 artificum
1234 3415 1296 3483 aut
1315 3408 1452 3504 collegii
1474 3407 1546 3507 (2);
1574 3409 1611 3479 in

496 3532 672 3632 pluribus,
689 3529 786 3604 nude
805 3529 968 3603 sacerdos
982 3528 1188 3600 nominatur
1204 3523 1270 3624 (3).
1289 3529 1361 3599 Nec
1376 3526 1509 3597 mirum
1528 3548 1611 3597 sano

498 3651 541 3724 iis
553 3647 710 3744 collegiis
724 3669 805 3743 quae
820 3668 856 3718 se
873 3645 929 3719 dei
943 3641 1140 3739 patrocinio
1158 3640 1368 3729 tuebantur,
1392 3640 1612 3714 sacerdotem

498 3766 682 3864 praefuisse
700 3763 818 3860 potius
836 3784 944 3858 quam
973 3759 1111 3834 civilem
1129 3759 1386 3854 magistratum.
1409 3756 1518 3853 Cujus
1542 3780 1613 3829 no-

499 3907 597 3974 men,
623 3879 857 3978 uteponymi,
884 3877 970 3952 actis
995 3876 1209 3974 plerumque
1237 3874 1470 3971 preponitur,
1503 3873 1613 3968 magis

500 4006 619 4074 tamen
639 3997 787 4072 honoris
812 4017 917 4069 causa
940 4015 1049 4091 quam
1073 3999 1113 4064 ut
1138 4015 1256 4064 annus
1284 3996 1438 4064 notetur.
1468 3989 1612 4062 Nullam

502 4118 599 4190 enim
619 4114 791 4212 epocham
808 4111 874 4186 sibi
895 4109 1111 4207 peculiarem
1128 4109 1308 4181 artificum
1328 4107 1476 4204 collegia
1490 4131 1614 4205 seques

541 4338 583 4420 (t)
603 4343 646 4401 Le
667 4340 728 4400 Bas
747 4343 779 4398 et
798 4334 1028 4413 Waddington‚
1052 4331 1241 4414 Insmiptions
1261 4321 1519 4407 ridete-Minoam,
1543 4333 1612 4407 28l,

500 4433 520 4496 1.
539 4436 628 4495 maa
642 4438 674 4493 et
688 4435 788 4493 aeas.
1266 4417 1268 4424 '
1539 4483 1541 4489 Α

543 4527 585 4606 (0)
609 4526 724 4604 Corpus
737 4525 827 4585 inser.
840 4543 902 4604 gn,
918 4524 1008 4598 3067,
1025 4521 1048 4583 1.
1063 4525 1079 4582 l
1097 4526 1129 4581 et
1142 4523 1177 4593 9;
1190 4554 1228 4565 -
1239 4523 1327 4597 3070,
1342 4521 1431 4581 tota.

546 4620 586 4700 (3)
608 4618 727 4694 Ibidem,
751 4620 829 4680 3068
853 4621 895 4693 Α;
916 4619 994 4679 3068
1015 4616 1038 4678 Β
1050 4635 1058 4692 ;
1079 4616 1121 4676 Le
1142 4615 1201 4676 Bas
1224 4620 1256 4675 et
1276 4614 1501 4694 Waddington‚
1522 4610 1614 4674 lnscra

502 4713 765 4788 d'Asie-lltoecre,
781 4716 830 4774 93.
