3736 5784
758 678 918 737 ...39-

281 832 362 883 cum
388 808 449 905 qui
467 807 625 904 collegii,
650 807 746 903 quod
764 807 857 904 apud
886 832 950 883 vos
980 817 1049 897 est,
1081 807 1269 904 participes
1294 812 1393 896 sunt,

281 924 469 1020 Dionysius
482 922 663 1020 Nymphii,
678 923 831 1020 tragicos
845 924 1154 1021 hypodidascaluS,
1170 922 1396 1019 Thymoteles

282 1038 463 1128 Philoclis,
490 1038 742 1135 tragediarum
770 1048 887 1136 poeta,
909 1039 1094 1136 Elpinicus
1118 1040 1303 1136 Epicratis,
1325 1046 1396 1112 tra-

281 1157 380 1252 gicus
399 1155 707 1252 hypodidascalus,
735 1158 850 1234 Philio
870 1159 1079 1247 Philomeli,
1105 1158 1257 1252 tragicus
1282 1157 1397 1254 hypo-

283 1270 501 1357 didascalus,
524 1271 641 1344 Aristo
657 1275 822 1365 Zenonis,
852 1276 1006 1371 tragicus
1024 1272 1340 1371 hypodidascalus,
1363 1281 1397 1347 et

282 1388 414 1484 opinati
430 1387 499 1460 sint
522 1385 617 1483 quod
643 1389 787 1464 anobis
803 1399 1018 1488 acceperunt
1036 1413 1248 1487 responsum
1269 1391 1314 1462 ad
1338 1413 1398 1464 vos

283 1527 426 1603 quoque
439 1503 657 1578 mittendum
677 1528 765 1594 esse,
786 1506 831 1582 ad
845 1532 906 1582 ros
921 1508 1126 1605 scripsimus
1143 1506 1275 1581 decreti
1288 1506 1398 1580 nostri

282 1620 498 1717 exemplum.

339 1765 355 1804 u
364 1735 546 1810 Archonte
557 1736 706 1834 Delphis
717 1739 895 1816 Aristione
903 1739 1165 1815 Anaxandridae
1175 1737 1265 1828 filio,
1278 1759 1399 1813 mense

282 1853 440 1944 bucatio,
459 1854 602 1951 Pythiis,
627 1855 762 1951 placuit
785 1857 1098 1954 Amphictionibns
1126 1857 1188 1952 qui
1218 1856 1256 1928 in
1285 1879 1399 1928 unum

283 1973 479 2061 coiverunt,
513 1972 867 2047 hieromnemonibus
875 2027 981 2045 .....
1010 1972 1226 2071 (sequuntur
1251 1972 1399 2046 nomina

282 2089 633 2179 hieromnemonum‚
656 2111 809 2185 quorum
823 2113 905 2186 pars
920 2089 1053 2189 periit).

282 2273 284 2278 ,
339 2208 489 2292 «Quum
513 2205 643 2280 scenici
677 2206 831 2280 artifices
866 2208 925 2303 qui
955 2212 1038 2279 sunt
1059 2205 1209 2280 Athenis
1234 2205 1397 2278 miserint

283 2324 466 2397 decretum
486 2327 521 2396 et
535 2322 715 2420 legatos...
735 2323 960 2422 (repetuntur
973 2323 1119 2397 nomina
1136 2321 1394 2423 legatorum)...

282 2446 318 2514 et
334 2441 692 2515 commemoraverint
717 2440 835 2514 datam
861 2441 974 2537 prius,
998 2439 1141 2515 decreto
1171 2439 1396 2536 Amphictio-

283 2580 385 2644 num‚
406 2555 599 2630 artificibus
619 2557 681 2653 qui
696 2562 781 2629 sunt
796 2556 946 2630 Athenis
963 2556 1227 2631 immunitatem
1242 2564 1277 2629 et
1295 2579 1397 2630 secu·

286 2657 438 2760 ritatem,
461 2696 646 2769 quumque
660 2672 812 2746 invitent
825 2673 1094 2768 Amphictiones
1110 2678 1162 2761 ut,
1180 2672 1396 2746 convenien-

287 2788 334 2862 tia
352 2792 494 2884 agentes
515 2787 693 2883 majorum
708 2787 902 2879 voluntati,
923 2793 1094 2862 tueantur
1112 2809 1192 2882 quae
1218 2787 1304 2882 ipsis
1324 2785 1396 2859 hu-

286 2927 391 2978 mane
409 2903 550 2977 decreta
569 2903 732 2992 luerunt3
756 2904 921 3000 utigitur
946 2909 1114 3000 appareat
1130 2903 1398 2998 Amphictiones

286 3043 366 3118 quae
379 3021 479 3118 prius
488 3020 688 3117 placuerint
699 3019 925 3106 confirmare,
938 3019 1074 3116 placuit
1084 3018 1398 3117 Amphictionibus

286 3139 438 3214 artifices
459 3140 522 3236 qui
549 3145 634 3212 sunt
658 3139 810 3213 Athenis
835 3138 1021 3213 inviolatos
1046 3144 1081 3212 et
1108 3145 1203 3213 tutos
1233 3139 1271 3212 in
1290 3161 1398 3212 omne

286 3263 426 3352 tempus
440 3279 529 3345 esse,
554 3253 857 3352 quemadmodum
870 3255 1050 3330 luerunte
1067 3255 1258 3351 principio,
1276 3260 1311 3327 et
1323 3276 1398 3328 esse

287 3396 404 3447 sacros
414 3380 447 3447 ct
460 3373 656 3460 immunes;
678 3373 814 3447 nemini
828 3372 931 3447 liceat
946 3373 1088 3446 trahere
1105 3372 1277 3445 artificem
1292 3370 1399 3445 Attici

287 3488 427 3586 collegii
446 3511 565 3585 neque
588 3511 674 3586 paee
695 3511 812 3585 neque
827 3488 940 3577 bello,
960 3511 1077 3585 neque
1093 3512 1151 3561 res
1165 3489 1243 3585 ejus
1257 3511 1395 3584 rapere,

287 3627 404 3701 neque
418 3628 483 3701 pro
500 3604 648 3701 pignore
661 3627 799 3700 capere,
817 3603 877 3678 sed
897 3605 968 3677 sint
982 3604 1071 3678 sacri
1093 3610 1129 3676 et
1143 3605 1243 3678 omni
1258 3605 1401 3701 negotio

286 3721 403 3810 vacui,
424 3721 493 3793 nisi
513 3721 592 3817 quis
617 3736 743 3794 eorum
760 3720 918 3817 aliquem
941 3726 1020 3818 agat
1033 3720 1079 3794 ob
1098 3719 1258 3794 debitum
1279 3719 1397 3816 priva-

287 3844 377 3910 tum.
398 3836 437 3911 Si
452 3839 533 3935 quis
546 3859 625 3911 vero
644 3837 701 3910 his
713 3839 890 3912 contraria
905 3837 1040 3927 lecerit,
1057 3837 1147 3910 ratio
1161 3834 1342 3910 reddenda
1349 3837 1400 3909 ·sit

287 3955 383 4050 apud
395 3954 664 4052 Amphictiones
675 3960 709 4028 et
719 3955 787 4052 ipsi
799 3960 833 4028 et
848 3954 979 4028 civitati
995 3954 1031 4026 in
1046 3976 1117 4051 qua
1128 3953 1261 4050 injuria
1274 3952 1402 4026 artifici

288 4069 397 4144 luerit
411 4070 521 4159 illata,
541 4076 579 4143 ut
593 4070 651 4142 his
665 4069 766 4144 lactis
786 4069 937 4145 artifices
954 4071 1111 4167 quisunt
1126 4070 1401 4144 Athenisinvio-

288 4186 350 4260 lati
369 4194 405 4262 ct
417 4189 484 4262 tuti
496 4188 567 4261 sint
579 4194 686 4285 atque
694 4192 864 4283 appareat
874 4187 1142 4284 Amphictiones
1154 4185 1404 4260 convenientia

289 4305 467 4401 majorum
481 4304 653 4379 voluntati
666 4303 799 4391 lacere;
816 4302 1033 4377 inscribatur
1044 4325 1127 4376 vcro
1142 4302 1211 4376 hoc
1223 4303 1404 4375 decretum

290 4420 437 4517 Delphis
445 4448 454 4509 ;
478 4419 641 4494 similiter
664 4427 700 4494 et
728 4419 889 4492 mittatur
907 4418 1016 4515 hujus
1040 4418 1173 4494 decreti
1201 4417 1405 4515 exemplum

289 4536 334 4610 ad
358 4536 535 4634 populum
561 4535 836 4611 Atheniensium
861 4540 902 4608 ut
919 4533 1164 4632 obsequantur
1190 4534 1241 4607 eis
1266 4556 1346 4630 quae
1362 4531 1406 4607 dc

289 4653 414 4727 Atticis
441 4653 637 4727 artificibus
665 4654 825 4728 humane
849 4650 1084 4728 decreuerunt
1111 4651 1402 4748 Amphictiones,
