3736 5784
805 723 965 782 ..57-

330 858 443 928 Aucta
465 853 594 926 deinde
621 852 758 926 ludicra
781 853 1027 951 largitionibus
1051 853 1181 926 civirun
1206 860 1312 950 atque
1334 857 1440 928 etiam

332 969 591 1067 inquilinorum
614 971 675 1064 qui
703 968 798 1042 haud
827 971 930 1066 pauci
969 970 1036 1043 lasi
1069 968 1312 1042 versabantur.
1352 975 1442 1044 Usus

330 1085 502 1182 paulatim
517 1084 671 1158 obtinuit
685 1092 724 1156 ut
740 1085 951 1180 agonotheta
961 1092 1007 1171 et,
1021 1107 1170 1158 numero
1191 1085 1340 1175 incerto,
1356 1087 1443 1160 cho-

331 1202 404 1297 ragi
423 1201 513 1273 cives
535 1205 570 1272 et
587 1200 755 1295 inquilini
775 1199 1012 1296 producerent
1032 1199 1183 1274 artifices
1203 1192 1356 1296 quorum
1377 1227 1443 1276 nec

331 1339 503 1389 numerus
522 1338 587 1388 nec
601 1339 713 1411 genus
728 1316 990 1412 praescriptum,
1003 1314 1065 1388 scd
1082 1317 1218 1390 varium
1233 1317 1442 1392 evoluntate
1498 1369 1501 1378 ·

329 1433 557 1529 largientium
583 1437 644 1504 aut
669 1431 847 1504 artificum
873 1433 987 1528 copia.
1009 1430 1179 1505 Additum
1208 1433 1304 1505 aliud
1332 1457 1445 1529 genus

328 1548 601 1636 munificentia,
622 1546 755 1620 scilicet
772 1547 1055 1621 ut'saltatorihus
1075 1549 1136 1644 qui
1154 1549 1342 1645 gratuitam
1362 1573 1445 1645 npe-

329 1687 406 1737 ram
433 1663 550 1737 choris
578 1663 739 1736 civilibus
762 1662 920 1758 praebere
944 1663 1140 1750 debebant,
1173 1688 1245 1737 una
1263 1664 1444 1744 drachma

329 1780 424 1853 dono
444 1779 587 1852 daretur
600 1777 665 1876 (l),
681 1785 717 1850 et
731 1778 999 1873 spectatoribus,
1020 1778 1150 1874 quihus
1169 1778 1336 1854 solvenda
1351 1804 1444 1855 mer-

328 1919 387 1969 ces
401 1900 487 1983 erat,
503 1894 631 1968 theatri
644 1895 750 1990 gratis
765 1892 920 1967 adeundi
932 1893 1081 1968 facultas
1093 1893 1206 1968 lieret.
1222 1900 1336 1981 Quam
1351 1921 1437 1988 non,

329 2020 369 2084 ut
393 2011 554 2100 Athenis,
579 2010 759 2106 liturgiam
784 2010 876 2084 cives
899 2009 1078 2100 subibant,
1111 2010 1173 2083 sed
1199 2019 1323 2108 sponte
1350 2037 1436 2102 sua;

328 2129 474 2215 etenim,
491 2126 658 2200 nonnulli
677 2127 731 2200 bis
749 2133 810 2200 aut
829 2133 1059 2222 ter-sumptus
1074 2150 1135 2201 eos
1151 2128 1194 2202 de
1210 2152 1273 2202 suo
1288 2129 1436 2217 iaciunt,

328 2240 426 2338 quod
445 2265 589 2328 munus,
611 2241 639 2314 si
654 2240 777 2314 fuisset
788 2241 1018 2337 impositum,
1041 2267 1105 2340 per
1118 2267 1241 2317 omnes
1256 2244 1323 2318 iret
1339 2245 1440 2318 vicis·

328 2359 395 2430 sim
410 2381 475 2431 nec
488 2358 618 2453 sapius
632 2358 676 2431 ad
691 2356 834 2457 eosdem
854 2359 997 2432 rediret.

376 2474 474 2547 Nihil
486 2475 605 2570 igitur,
619 2475 687 2547 nisi
702 2481 827 2570 sponte
842 2498 918 2565 sua,
931 2475 1164 2573 largientibus
1176 2478 1438 2574 magistratibus

327 2598 389 2664 aut
405 2589 556 2678 civibus,
580 2613 723 2665 necesse
741 2589 807 2662 luit
833 2591 967 2687 inipso
993 2591 1081 2665 festo
1107 2592 1276 2666 declarari
1301 2617 1380 2690 qua¹
1400 2596 1438 2666 in

329 2708 532 2802 proximum
547 2729 683 2779 annum
698 2707 1061 2802 promitterentur,ut
1075 2709 1227 2783 artifices
1244 2709 1437 2784 mandandi

328 2830 469 2918 tempus
488 2828 696 2917 superesset.
714 2823 782 2908 Qui
803 2846 845 2895 ex
863 2824 1016 2898 externis
1034 2825 1239 2921 regionibus
1256 2826 1358 2898 acciti
1376 2849 1438 2921 per

328 2937 449 3033 plures
480 2937 555 3009 dies
587 2946 648 3010 aut
675 2936 813 3010 fabulas
840 2937 991 3035 agebant
1015 2946 1076 3011 aut
1104 2938 1290 3027 canebant,
1325 2963 1435 3035 quum

328 3054 478 3149 quisque
502 3076 628 3126 eorum
647 3053 709 3148 qui
736 3053 805 3127 hoc
833 3076 964 3126 munus
988 3061 1217 3152 susceperant
1235 3079 1298 3150 per
1324 3079 1436 3128 unum

327 3179 388 3242 aut
412 3169 502 3243 duos
532 3170 606 3243 dies
633 3170 876 3265 spectaculum
905 3171 1102 3266 largiretur.
1139 3172 1299 3267 Exempli
1331 3195 1437 3245 causa

327 3309 436 3358 uuam
451 3285 609 3360 tabulam
630 3286 808 3359 transtuli.

384 3431 399 3468 α
418 3400 710 3497 Stephanephcro
735 3400 910 3497 Apollinis
941 3408 1066 3498 quarto
1093 3409 1174 3499 post
1205 3405 1434 3501 Menippum,

328 3517 537 3612 agonotheta
562 3517 765 3590 Moschione
784 3518 1026 3614 Antiphontis,
1050 3517 1116 3607 illi,
1146 3520 1244 3613 prius
1263 3519 1438 3594 declarata

326 3633 520 3722 voluntate,
539 3633 712 3706 dederunt
727 3657 736 3705 ε
751 3632 952 3707 Theaetetus
966 3633 1186 3722 Melanionis,
1200 3635 1262 3730 qui
1276 3633 1344 3706 luit
1356 3657 1439 3732 ago

327 3749 486 3838 nothata,
508 3749 777 3822 Athenodorum
801 3748 998 3822 Heraclida
1017 3750 1232 3838 comoedum,
1255 3771 1326 3822 nna
1355 3749 1436 3840 die;

326 3865 462 3960 accepit
480 3864 611 3937 chorus
631 3862 857 3953 drachmam,
880 3865 1121 3962 spectaculum
1144 3889 1224 3940 vero
1244 3867 1435 3962 gratuitum

326 3983 404 4055 suit.
418 3981 618 4054 Theoetetus
632 3979 857 4072 Melanionis,
874 3982 935 4077 qui
950 3981 1017 4054 luit
1030 3981 1203 4078 choragus
1209 4035 1282 4072 .....
1300 4005 1438 4056 comoe-

325 4101 411 4171 dum
433 4121 505 4170 una
528 4095 602 4185 die;
624 4098 761 4191 accepit
783 4097 914 4170 chorus
937 4096 1165 4187 drachmam,
1195 4097 1436 4193 spectaculum

323 4238 405 4287 vero
419 4214 613 4310 gratuitum
633 4212 712 4286 fuit.
734 4243 749 4280 u
776 4216 861 4285 Tres
879 4213 970 4286 cives
989 4222 1022 4286 et
1037 4237 1131 4286 unus
1144 4214 1358 4310 inquilinus,
1374 4218 1436 4311 qui

324 4332 643 4429 choragi'fuerant,
668 4329 836 4404 eumdem
856 4331 1073 4423 comoedum,
1100 4333 1250 4429 quisque
1270 4357 1344 4407 una
1363 4335 1433 4424 die,

325 4448 580 4543 produxerunt.

365 4685 406 4765 (t)
428 4687 549 4764 Sequor
561 4659 851 4766 interpretationem
863 4664 959 4765 quam
971 4684 1057 4746 dedit
1069 4685 1293 4764 Waddington,
1309 4677 1340 4767 p'.
1358 4691 1405 4751 87.
