3736 5784
713 645 873 704 ..81-

237 773 377 848 adscitis
396 773 471 845 istis
486 772 630 845 nefariis
645 772 880 870 adjutoribus,
897 772 1181 848 circumvenerit.
1198 771 1352 846 Omnino

239 896 291 962 θεῖ
302 895 418 962 autem
437 911 554 984 operae
571 889 727 983 pretium
741 889 961 986 perpendere
975 895 1009 964 et
1020 894 1179 985 spectare
1192 889 1354 961 lraudenr

171 1013 174 1018 '
240 1007 451 1079 universam.
473 1003 526 1077 Ab
545 1004 662 1092 initio,
677 1028 788 1100 quum
807 1029 931 1102 pacem
951 1010 1140 1101 expeteret,
1158 1002 1355 1077 latronibus

239 1121 316 1217 ejus
330 1143 481 1216 regnum
497 1119 792 1217 diripientibuset
805 1121 934 1195 clausis
949 1120 1177 1206 mercatibus,
1195 1125 1233 1192 ut
1248 1117 1357 1191 nullis

242 1237 388 1308 omnino
409 1236 482 1308 suis
506 1234 608 1308 bonis
629 1235 698 1307 srui
723 1243 854 1332 posset,
877 1237 974 1310 misit
997 1238 1068 1310 huc
1095 1236 1177 1309 illos
1200 1236 1263 1332 qui
1284 1235 1360 1307 hu-

243 1375 346 1424 mana
362 1352 472 1447 ipsius
487 1351 593 1425 verba
608 1355 865 1444 renuntiarent,
884 1353 1169 1450 Neoptolemum,
1183 1351 1360 1426 Aristode·

243 1492 357 1557 mum,
379 1469 644 1564 Ctesiphontem
660 1468 725 1570 (l).
744 1501 759 1540 >r

293 1586 378 1670 Quis
404 1585 512 1657 luerit
537 1584 596 1658 ille
626 1589 833 1683 Ctesiphon,
860 1587 1040 1662 nonsatis
1067 1590 1215 1660 constat.
1242 1586 1310 1670 Qui
1333 1584 1361 1658 si

246 1703 341 1776 idem
357 1703 488 1797 estqui
508 1701 551 1774 de
572 1726 704 1777 corona
719 1704 947 1778 Demostheni
968 1701 1160 1776 tribuenda
1179 1701 1363 1776 decretum

248 1822 446 1917 proposuit,
470 1821 655 1918 probabile
675 1830 727 1897 est
747 1826 881 1897 eumin
905 1824 1100 1898 referendis
1114 1821 1273 1917 Philippi
1287 1843 1364 1892 ver-

248 1936 302 2010 bis
323 1961 457 2012 errasse
477 1939 717 2036 potiusquam
735 1963 910 2036 peccasse.
927 1938 1172 2013 Aristodemus
1191 1949 1315 2011 contra
1330 1941 1366 2009 et

247 2053 517 2150 Neoptolemus,
541 2054 646 2128 ambo
676 2056 837 2153 tragoedi,
868 2055 913 2129 ob
942 2055 1107 2152 peritiam
1131 2054 1215 2126 artis
1238 2051 1366 2147 saepius

250 2170 355 2242 etiam
377 2173 659 2255 commemorati,
679 2171 809 2267 quibus
827 2178 973 2268 propter
989 2170 1179 2243 artificium
1195 2170 1300 2242 etiam
1322 2168 1367 2240 ad

170 2325 175 2336 .
252 2283 383 2373 hostes,
401 2285 502 2358 nullo
522 2286 694 2382 periculo,
710 2288 761 2360 ire
774 2287 887 2377 licuit,
906 2287 1053 2382 proiecti
1072 2286 1109 2357 in
1125 2284 1367 2358 Macedoniam

251 2409 363 2473 artem
388 2425 488 2474 suam
510 2409 795 2492 ostentaverunt;
818 2409 968 2498 uterque
993 2426 1013 2475 a
1033 2401 1196 2497 Philippo
1215 2399 1368 2495 benigne

251 2522 416 2612 exceptus
432 2524 466 2590 et
484 2519 645 2612 pecuniis
665 2524 789 2592 auctus
804 2517 973 2591 mandata
991 2517 1082 2612 regis
1099 2515 1257 2588 Athenas
1271 2521 1367 2586 retu·

110 2654 112 2658 ’
251 2629 358 2720 lerat,
380 2632 514 2706 scilicet
539 2634 746 2732 Philippum
762 2634 970 2731 reipublicae
987 2633 1143 2706 amicum
1160 2655 1247 2720 esse,
1271 2629 1369 2703 unde

253 2747 458 2822 factumest
481 2748 665 2822 decretum
686 2750 810 2846 populi
840 2750 947 2839 utad
978 2772 1060 2822 eum
1088 2747 1194 2844 legati
1218 2745 1262 2819 de
1281 2769 1368 2843 pace

251 2859 477 2934 mitterentur
495 2858 560 2960 (2).
579 2864 619 2933 ln
643 2886 713 2956 quo
746 2868 867 2933 utrum
890 2861 958 2956 ipsi
991 2860 1130 2955 decepti
1162 2857 1298 2930 fuerint
1321 2881 1367 2931 an

250 2977 402 3070 pecunia
423 2977 518 3072 regia
536 2977 706 3072 corrupti,
725 3001 795 3051 non
814 3001 833 3050 θ
849 2976 1066 3073 conjectura,
1089 2975 1152 3047 sed
1168 2997 1210 3047 ex
1227 2974 1369 3046 utrius-

251 3114 319 3186 que
337 3093 475 3165 ratione
489 3092 609 3166 licebit
629 3098 793 3166 statuere.

300 3211 350 3281 De
381 3209 614 3304 Neoptolemo
653 3210 909 3283 Demosthenes
947 3208 1050 3304 plura
1086 3207 1193 3280 etiam
1226 3206 1361 3280 retulit.

258 3353 273 3392 «
293 3328 411 3410 Quum
428 3327 684 3422 perspexissem
703 3326 977 3422 Neoptolemum
1001 3325 1173 3399 artificem
1196 3348 1260 3420 per
1282 3347 1367 3420 spe-

250 3441 342 3513 ciem
358 3442 442 3514 artis
464 3443 689 3516 securitatem
708 3449 866 3530 nactum,
886 3440 1095 3536 reipublicae
1112 3465 1194 3516 vero
1212 3442 1365 3513 maxime

249 3556 447 3650 perniciosa
467 3559 686 3647 molientem,
707 3581 835 3653 resque
856 3565 986 3631 vestras
1007 3555 1052 3630 ad
1075 3558 1262 3632 utilitatem
1278 3556 1365 3628 Phi-

248 3671 337 3769 lippi
357 3673 663 3748 administrantem
690 3684 724 3746 et
750 3674 822 3748 fere
844 3674 1053 3770 fingentem,
1080 3673 1196 3768 prodii
1215 3681 1249 3745 et
1269 3671 1365 3746 vohis

249 3789 413 3883 exposui,
439 3789 546 3861 nullis
575 3790 719 3884 privatis
746 3789 963 3875 inimicitiis,
992 3788 1093 3861 nullo
1120 3786 1364 3860 calumniandi

249 3903 365 3977 studio
381 3903 569 4000 impulsus,
586 3904 890 4001 quemadmodum
913 3927 955 3977 ex
975 3904 1018 3976 iis
1035 3927 1115 4000 quae
1131 3910 1251 3976 secuta
1264 3910 1359 3991 sunt,

250 4020 384 4092 lactum
404 4028 457 4093 θεῖ
474 4021 713 4116 perspicuum.
740 4023 856 4117 Atque
882 4020 919 4090 in
946 4019 1003 4091 his
1023 4043 1094 4092 non
1111 4021 1185 4116 jam
1205 4022 1363 4114 Neopto-

249 4135 333 4209 lemi
350 4135 553 4210 defensores
577 4136 750 4210 accusabo
774 4134 871 4234 (nam
897 4160 942 4209 ne
974 4159 1069 4209 unus
1093 4136 1239 4232 quidem
1265 4133 1359 4232 luit),

249 4253 309 4324 sed
325 4275 384 4325 vos
402 4253 510 4348 ipsos.
533 4254 569 4326 Si
590 4252 741 4325 enimin
762 4252 891 4324 Bacchi
909 4251 1041 4348 templo
1063 4249 1239 4348 tragoedos
1257 4273 1363 4346 spec-

249 4368 397 4460 tassetis,
420 4391 492 4442 non
510 4369 553 4441 de
569 4366 776 4464 reipublice
794 4367 1045 4441 communibus
1065 4365 1169 4441 rebus
1193 4373 1227 4440 et
1249 4366 1362 4440 salute

292 4623 335 4708 (l)
351 4624 396 4690 De
409 4626 484 4688 mole
497 4635 579 4707 peste
589 4627 741 4708 leporiana,
756 4630 826 4690 315.
837 4627 929 4708 -(2)
943 4626 1064 4700 lbldcrn,
1081 4615 1282 4706 procamium.

1202 4724 1221 4782 6
