3736 5784
818 730 958 790 ..9.-

329 861 786 956 Myonnesumtraduxisset
803 882 882 957 quae
895 865 947 934 est
961 859 1056 932 inter
1067 861 1179 931 Teum
1196 865 1228 933 et
1247 857 1444 950 Lebedum,

330 976 445 1049 missis
471 974 615 1072 legatis,
637 976 710 1049 Teii
738 1000 758 1049 a
782 975 950 1050 Romanis
965 975 1168 1072 petiverunt
1188 999 1233 1048 ue
1260 982 1384 1049 contra
1409 999 1445 1048 se

329 1099 533 1188 paterentur
553 1091 687 1164 muniri
706 1095 959 1188 Myonnesum3
988 1091 1037 1163 ita
1060 1089 1113 1162 illi
1139 1089 1322 1165 Lebedum
1346 1114 1444 1166 com·

327 1209 579 1306 migraverunt,
596 1206 761 1281 Lebediis
778 1207 826 1282 ob
841 1209 1032 1281 hominum
1047 1208 1250 1304 penuriam,
1269 1231 1341 1305 qua
1362 1216 1445 1282 tuuc

327 1323 594 1422 premebantur,
615 1346 674 1396 eos
689 1323 923 1398 libentissime
941 1321 1279 1421 recipientibus(l).
1294 1353 1309 1391 o
1339 1311 1445 1397 Aliud

327 1439 433 1513 etiam
448 1439 656 1512 eorumdem
672 1437 896 1513 domicilium
910 1438 1029 1512 omisit
1043 1437 1189 1525 Strabo;
1213 1438 1333 1512 retulit
1348 1440 1444 1512 euim

328 1553 539 1628 Plutarchus
553 1551 762 1643 Antonium,
777 1561 965 1651 postquam
977 1554 1074 1628 Sami
1091 1551 1195 1626 ludos
1212 1553 1369 1628 scenicos
1383 1577 1447 1650 per

327 1671 448 1767 plures
470 1670 545 1743 dics
564 1671 704 1767 egisset,
726 1672 877 1746 Prienen
897 1669 1093 1745 artificibus
1112 1668 1232 1744 sedem
1253 1671 1446 1768 assignasse

329 1786 490 1885 (Aaron,
506 1785 581 1884 57).
609 1785 677 1858 Ubi
701 1810 776 1859 non
804 1786 865 1860 diu
881 1793 975 1860 certe
990 1785 1198 1859 commorati
1221 1794 1317 1872 sunt,
1335 1810 1447 1882 quum

327 1902 474 1999 Augusti
497 1907 599 1975 etate
625 1900 808 1976 Lebedum
829 1902 1041 1978 incolerent.
1067 1901 1205 1975 ludicat
1223 1902 1331 1976 etiam
1355 1902 1446 1998 lapis

328 2019 438 2093 aetatis
454 2018 693 2114 imperatoria
708 2041 781 2109 eos,
799 2025 880 2115 post
894 2025 966 2091 tam
980 2017 1129 2114 longum
1144 2016 1309 2092 exsilium
1324 2025 1446 2092 ettam

328 2132 459 2206 multos
482 2155 632 2223 errores,
656 2134 799 2208 taudem
820 2138 933 2208 Teum
967 2133 1173 2230 remigrasse
1201 2139 1235 2206 et
1262 2135 1447 2230 antiquam

328 2247 447 2323 sedem
466 2246 666 2343 repetivisse
681 2246 747 2346 (2).

377 2370 412 2440 5.
442 2365 560 2461 Cypri.
590 2364 754 2438 Artifices
770 2386 903 2461 graecos
921 2363 965 2438 ab
987 2367 1144 2462 Euagora
1163 2371 1197 2439 et
1221 2363 1448 2439 Nicocleae-

326 2480 415 2554 citos
443 2487 478 2554 et
506 2481 543 2553 in
573 2479 692 2554 insula
723 2486 987 2554 commorantes
1023 2484 1194 2555 Isocrates
1224 2503 1450 2556 commemo-

326 2603 380 2670 rat
394 2594 466 2694 (3);
490 2619 570 2693 quae
587 2596 655 2669 suit
674 2619 759 2669 sane
783 2596 924 2693 collegii
943 2597 1056 2694 origo.
1083 2600 1217 2694 Regum
1237 2597 1448 2695 Cypriorum

328 2713 445 2787 studia
463 2735 545 2810 erga
559 2735 635 2786 rem
654 2710 846 2804 ludicram,
868 2712 1091 2810 temporibus
1112 2713 1316 2803 Alexandri,
1340 2720 1448 2788 testa·
1552 2727 1556 2733 '

326 2835 386 2902 tur
409 2829 621 2904 Plutarchus
638 2826 738 2920 (Vide
758 2854 794 2926 p.
820 2827 897 2928 84).
920 2829 1004 2903 Post
1023 2830 1103 2920 hos,
1129 2829 1270 2927 collegii
1289 2831 1448 2928 patroci-

329 2947 431 3018 nium
449 2953 663 3043 receperunt
682 2945 832 3042 AEgyptii
850 2967 962 3040 reges,
980 2950 1078 3018 tauto
1093 2943 1212 3020 lavore
1226 2952 1266 3019 ut
1288 2945 1446 3043 ipsorum

326 3085 457 3138 nomen
476 3084 559 3136 cum
576 3062 715 3136 Baccho
739 3061 986 3135 consociarent
999 3061 1177 3161 artifices(
1204 3061 1231 3161 ).

374 3183 408 3250 6.
435 3177 672 3252 Alexandriae.
701 3176 851 3251 Nullum
875 3176 995 3250 adhuc
1023 3176 1180 3250 innotuit
1210 3177 1443 3252 Alexandrini

325 3293 464 3390 collegii
486 3301 775 3368 monumentum.
800 3291 869 3368 Sed
890 3290 1097 3382 Athenaeus,
1120 3317 1290 3392 pompam
1312 3296 1443 3368 descri-

194 3464 200 3471 .
325 3408 413 3482 bens
440 3409 568 3484 iubae
590 3408 678 3483 urbe
703 3433 724 3483 a
746 3432 825 3506 rege
846 3407 1005 3499 ductam,
1025 3410 1185 3484 scenicos
1205 3409 1359 3484 artifices
1378 3433 1444 3483 no-

218 3573 226 3586 ·
325 3526 439 3600 minat
451 3532 486 3600 et
500 3533 720 3622 praeeuntem
741 3526 901 3622 ipsorum
919 3523 1138 3599 sacerdotem
1157 3533 1301 3623 poetam
1316 3525 1445 3600 Philis-

325 3663 408 3714 cum
446 3645 476 3716 V
508 3647 582 3715 27.

376 3765 409 3830 7.
431 3640 629 3854 (Sylacrlsis.
658 3758 743 3845 Quis
760 3759 880 3833 credat
897 3758 1156 3855 amplissimam
1171 3759 1360 3846 civitatem,
1381 3781 1447 3832 ca-

324 3881 388 3970 put
404 3873 545 3963 Siciliae,
562 3875 692 3972 insigni
707 3876 858 3963 theatro,
877 3875 981 3972 cujus
999 3875 1075 3972 ipsa
1096 3873 1225 3950 rudera
1242 3874 1446 3950 admiratio·

363 4052 406 4134 (l)
429 4053 552 4130 Strabo,
569 4054 649 4130 XIV,
665 4069 688 4131 1,
704 4058 755 4116 29.

363 4147 406 4229 (Ξ)
430 4145 543 4228 Corpus
555 4145 643 4207 inser.
658 4166 716 4226 pr,
732 4149 822 4210 3082.
842 4180 882 4192 —
904 4148 996 4209 Haud
1012 4147 1075 4209 scio
1090 4167 1130 4209 an
1145 4149 1184 4210 de
1199 4148 1331 4211 scenicis
1344 4147 1444 4208 artifi-

323 4229 412 4302 c'ibus
425 4240 660 4320 Theophrastus
675 4241 834 4320 scripserit
843 4241 876 4302 in
885 4240 1031 4303 Charact.
1042 4246 1081 4305 23
1095 4261 1102 4304 :
1116 4243 1170 4304 Καὶ
1182 4242 1306 4326 περὶτῶν
1318 4245 1445 4323 τεχνιτῶν

322 4337 375 4394 τῶν
390 4337 417 4394 ἐν
431 4338 464 4413 τῇ
479 4333 564 4416 Ἀσίᾳ,
575 4329 616 4392 ὅτι
629 4333 749 4414 βελτίους
763 4334 813 4395 εἰσὶ
827 4338 879 4394 τῶν
894 4337 921 4394 ἐν
935 4339 968 4415 τῇ
981 4335 1100 4418 Εὐρώπῃ
1115 4336 1328 4418 ἀμφισὸητῆσαι.
1413 4326 1415 4332 ¹

362 4426 404 4508 (3)
429 4418 598 4508 Euagorae,
615 4430 644 4500 l,
661 4430 712 4491 50.
724 4463 761 4478 -
778 4428 823 4492 uf.
841 4427 937 4490 etiam
951 4430 994 4491 Le
1012 4431 1072 4493 Bas
1088 4436 1121 4492 et
1137 4433 1282 4509 Foucart,
1296 4436 1387 4492 notes
1400 4430 1443 4491 du

322 4535 356 4584 u⁰
378 4525 448 4584 125.

363 4615 404 4696 (4)
429 4615 540 4695 Corpus
561 4614 649 4677 inser.
675 4636 736 4696 pn,
760 4621 850 4694 2619,
867 4619 958 4680 2620.
971 4651 1012 4666 -
1025 4621 1067 4682 Ire
1083 4623 1143 4683 Bas
1164 4626 1196 4683 et
1215 4619 1441 4698 Waddington,

324 4709 417 4771 Inscr.
435 4707 691 4788 ansae-Maean,
708 4714 828 4774 2793-4.
