3736 5784
783 747 944 807 ..25-

309 873 524 955 bricandam'
540 901 708 952 coronam
729 879 767 950 in
788 878 963 952 honorem
985 877 1137 951 Zenonis
1155 876 1370 951 eteamdem
1385 878 1424 949 in
1557 963 1571 986 .

308 998 471 1095 gymnico
499 996 693 1068 certamine
718 998 936 1068 Nemeorum
958 1017 1021 1090 per
1039 1016 1241 1089 praeconem
1262 1016 1424 1088 pronun-

308 1115 466 1188 tiandam
481 1135 606 1186 curare
625 1110 748 1185 debuit
767 1114 829 1205 (Ι).
852 1109 954 1183 Alius
972 1111 1078 1184 etiam
1095 1112 1260 1190 ἐπιστάτης
1275 1110 1320 1184 ad
1334 1115 1423 1183 tem·

308 1236 527 1327 pus-creatus
547 1228 628 1315 init,
653 1227 755 1324 cujus
773 1226 810 1299 id
830 1249 944 1299 unum
963 1248 1095 1298 munus
1110 1241 1186 1298 erat
1207 1232 1257 1314 ut,
1283 1232 1425 1321 accepta

306 1369 328 1418 a
345 1351 522 1442 quaestore
542 1344 706 1440 pecunia,
728 1338 933 1437 tingendam
947 1363 1084 1414 aeneam
1101 1341 1252 1414 Zenonis
1267 1340 1422 1437 effigiem

307 1469 341 1535 et
359 1458 626 1535 inscribendum
646 1458 815 1530 marmori
838 1455 975 1552 collegii
997 1454 1177 1529 decretum
1198 1464 1337 1530 curaret
1353 1455 1419 1557 (2).

307 1579 370 1651 His
396 1579 493 1651 enim
521 1575 680 1672 collegiis
707 1573 806 1646 cordi
839 1595 978 1669 semper
1002 1571 1070 1644 fuit
1097 1580 1148 1661 ut,
1177 1572 1422 1670 multiplicatis

307 1692 581 1791 magistratibus,
599 1690 718 1764 minor
731 1697 822 1763 esset
839 1689 1063 1786 singulorum
1079 1694 1244 1785 potestas,
1266 1712 1422 1781 necnon,

305 1809 470 1908 pluribus
492 1807 667 1906 patefacto
685 1804 900 1902 dignitatum
925 1805 1037 1894 aditu,
1064 1803 1278 1881 industriam
1303 1806 1423 1881 homi-

306 1951 396 2000 num
414 1927 605 2001 excitarent
625 1930 660 1996 et
683 1920 857 1995 beneficia
873 1921 1054 1996 elicerent.

356 2041 610 2138 Hand'ingrati
630 2038 783 2112 artifices
797 2061 880 2134 erga
894 2061 954 2112 eos
968 2060 1124 2134 quorum
1144 2038 1260 2114 studio
1282 2041 1319 2114 in
1340 2040 1423 2113 iun-

308 2157 430 2256 gendis
442 2153 703 2252 magistratibus
714 2160 827 2227 auctae
846 2177 900 2226 res
915 2152 1068 2249 collegii,
1090 2161 1149 2227 aut
1168 2178 1322 2253 quorum
1336 2155 1423 2230 libe·

309 2272 446 2346 ralitate
466 2270 690 2366 amplificatae
716 2293 802 2367 opes
823 2276 858 2342 et
876 2269 1030 2343 levatum
1052 2294 1143 2344 onus
1166 2273 1420 2369 impensarum.

309 2385 618 2474 Quemadmodum
647 2387 805 2460 civitates
833 2409 957 2482 graecae
982 2385 1132 2462 decretis
1162 2388 1424 2464 benemeritos

307 2504 471 2577 homines
498 2502 670 2576 laudibus
692 2510 728 2576 et
746 2502 944 2577 honoribus
967 2527 1096 2601 augere
1118 2504 1231 2579 solitae
1253 2513 1350 2596 sunt,
1373 2507 1423 2579 sic
1487 2545 1492 2556 .

308 2611 451 2717 quoque
467 2619 690 2693 scenicorum
704 2618 873 2715 populus,
891 2619 928 2691 in
942 2621 1114 2694 concione
1125 2620 1250 2695 laudes
1262 2628 1297 2696 et
1311 2623 1424 2697 hono·

308 2757 364 2806 res
386 2733 506 2830 largiri
529 2755 718 2830 nunquam
741 2734 872 2807 omisit.
899 2734 1062 2822 Decreto,
1085 2742 1274 2833 postquam
1296 2738 1423 2812 diserte

308 2855 544 2922 memoratum
568 2847 744 2946 quidquid
762 2872 941 2946 prospere,
959 2849 1135 2947 quidquid
1156 2853 1225 2948 pie,
1249 2852 1423 2950 quidquid

308 2963 502 3038 liberaliter
522 2970 663 3061 gestum
685 2949 814 3050 iuerat,
843 2963 1048 3039 tribuebant
1076 2967 1263 3041 honores:
1295 2968 1421 3042 lauda-

311 3079 457 3167 tionem,
480 3101 661 3168 coronam‚
683 3102 841 3152 annuam
864 3080 1180 3177 proclamationem
1195 3083 1233 3154 in
1250 3082 1344 3156 ludis
1359 3109 1423 3181 per

309 3217 523 3291 preconem,
546 3194 680 3292 effigies
695 3197 807 3293 pietas
822 3203 883 3268 aut
899 3218 1115 3270 marmoreas
1126 3204 1188 3270 aut
1201 3222 1330 3288 aeneas,
1347 3203 1423 3297 qni·

308 3308 374 3383 bus
390 3308 614 3384 incidebatur
632 3311 688 3384 vel
710 3312 828 3408 ipsum
849 3311 990 3408 collegii
1010 3310 1193 3387 decretum
1213 3315 1267 3389 vel
1285 3315 1422 3390 brevior

306 3426 452 3500 honoris
484 3428 617 3500 mentio
636 3425 703 3524 (3).
729 3427 917 3515 Additum,
945 3429 1159 3526 plerumque
1183 3431 1321 3527 prolixa
1343 3456 1422 3507 ora-

306 3543 416 3633 tione,
437 3542 568 3638 quibus
585 3541 819 3643 temporibus,
842 3543 973 3640 quibus
991 3544 1091 3635 locis,
1110 3571 1171 3643 per
1186 3570 1274 3644 quos
1291 3551 1422 3646 magis-

307 3655 419 3730 tratus
437 3658 755 3754 pronuntiarentur
773 3659 941 3749 honores,
961 3661 1091 3758 quibus
1102 3663 1139 3736 in
1154 3665 1295 3760 templis
1308 3667 1424 3762 erige-

306 3780 432 3846 rentur
451 3781 589 3861 statuae,
613 3797 725 3872 quum
745 3775 883 3871 aliquid
902 3799 1040 3873 semper
1060 3780 1139 3851 novi
1165 3781 1422 3876 excogitaretur

307 3911 379 3985 quo
408 3888 628 3985 splendidior
651 3889 752 3963 fieret
778 3892 987 3966 meritorum
1011 3897 1316 3970 commemoratio.
1350 3901 1422 3972 Nec
1454 3896 1456 3899 ’

306 4004 421 4077 defuit
439 4003 641 4079 verborum
652 4006 912 4103 magnificentia
934 4037 950 4075 n
964 4015 1003 4080 ut
1018 4009 1124 4105 igitur
1139 4016 1174 4083 et
1192 4012 1422 4087 manifestum

306 4120 350 4193 sit
366 4120 519 4194 artifices
533 4118 689 4194 tribuere
709 4122 838 4218 gratias
854 4123 976 4220 dignas
995 4124 1092 4198 illius
1106 4124 1287 4202 beneficiis
1301 4130 1421 4205 hono-

305 4259 448 4333 resque,
471 4243 507 4310 et
527 4236 660 4311 multos
681 4236 841 4312 habeant
852 4241 1004 4316 Zenonis
1020 4242 1171 4317 aemulos
1186 4241 1250 4343 (l)
1269 4275 1284 4314 u

344 4445 388 4526 (l)
408 4449 553 4524 Iloucart,
569 4447 668 4510 Revue
680 4447 823 4528 orclrebl„
841 4452 931 4528 1870,
946 4456 969 4514 t.
986 4450 1025 4526 ll,
1040 4470 1073 4531 p.
1088 4454 1157 4532 lor,
1174 4454 1197 4515 l.
1214 4457 1313 4520 3839.

349 4540 390 4620 (2)
408 4539 529 4614 Ibidem,
543 4541 566 4602 l.
583 4544 689 4604 38-41.

344 4632 386 4712 (3)
410 4633 523 4713 Corpus
537 4633 626 4695 inser.
641 4654 703 4714 gre,
717 4639 807 4700 3072.
818 4669 859 4684 -
869 4639 912 4699 Le
925 4639 996 4713 Bae,
1006 4643 1077 4717 504,
1094 4642 1163 4703 505.

344 4726 390 4807 (Ι)
410 4728 556 4805 Foucart,
572 4729 671 4790 Reooe
685 4730 828 4808 orebe‘ol„
843 4735 932 4807 1870,
949 4734 1025 4808 t.11,
1041 4751 1073 4812 p.
1092 4737 1158 4812 10¹1,
1174 4735 1193 4795 l.
1208 4737 1309 4799 28³0.
