3736 5784
735 709 894 768 -65-

262 841 359 914 mina
383 840 458 914 sola
483 863 606 914 eorum
628 840 688 936 qui
720 841 873 912 vicerant
905 840 1073 913 marmori
1106 836 1366 911 incidebantur.

262 959 422 1041 Quorum
442 957 678 1030 certaminum
695 961 925 1030 monumenta
939 961 1076 1029 exstant
1090 962 1171 1028 ante
1184 975 1369 1028 romanam

262 1079 418 1160 aetatem,
442 1073 503 1146 illa
520 1079 603 1145 sunt
621 1099 628 1146 :
649 1073 876 1170 Amphiaraia
900 1072 1021 1169 Oropi,
1043 1071 1176 1148 Museia
1194 1070 1367 1166 Thespiis,

262 1188 456 1262 Charitesia
471 1196 505 1263 et
524 1187 712 1264 Homoloia
728 1181 960 1262 'Orchomeni

777 1528 855 1602 Vll.

264 1777 472 1868 Quomodo
492 1795 623 1849 artem
642 1793 844 1848 ludier-am
867 1793 1027 1866 muniet,
1055 1795 1199 1864 poetae,
1221 1795 1379 1850 actores

682 1885 962 1948 exercuerint?

278 2187 280 2192 .
313 2131 468 2217 Quaesito
495 2152 565 2226 qua
589 2129 723 2203 ratione
742 2128 919 2204 artificum
939 2129 1087 2227 collegia
1109 2131 1309 2206 civitatibus
1329 2130 1375 2205 ad

264 2245 479 2342 peragendos
494 2243 597 2317 ludos
611 2267 756 2340 operam
774 2243 987 2340 praeberent,
1001 2245 1110 2320 altera
1129 2238 1277 2342 quaestio
1297 2247 1376 2319 ori-

264 2369 323 2434 tur
336 2387 344 2434 :
359 2385 429 2458 quo
443 2358 548 2435 modo
562 2361 714 2434 musicas
729 2369 819 2434 artes
830 2362 961 2435 scenici
969 2363 1204 2450 exercuerint,
1214 2360 1300 2458 quid
1314 2362 1378 2434 lit-

266 2479 362 2569 teris,
385 2479 472 2574 quid
485 2479 623 2551 theatro
640 2478 797 2551 attulerit
812 2486 872 2552 aut
890 2477 1074 2552 abstulerit
1088 2503 1129 2553 ea
1146 2478 1378 2576 collegiorum

265 2596 454 2668 institutio.
480 2593 582 2681 Quod
604 2619 647 2668 ex
665 2595 749 2691 ipsis
769 2594 944 2668 artificum
962 2595 1205 2668 monumentis
1223 2601 1257 2668 et
1275 2595 1380 2670 ludo·

265 2735 346 2784 rum
366 2710 496 2785 tabulis
511 2711 735 2807 aliquatenus
754 2713 905 2808 perspici
926 2719 1054 2809 potest.

315 2831 472 2914 Quarum
491 2827 621 2900 artium
639 2828 831 2901 certamina
846 2829 1033 2901 commissa
1053 2828 1198 2920 luerint,
1221 2830 1324 2903 tertio
1344 2835 1380 2902 et

266 2945 421 3020 secundo
441 2949 521 3016 ante
541 2951 680 3017 aetatem
695 2952 850 3018 nostram
867 2945 1010 3036 saeculo,
1034 2947 1162 3019 docent
1179 2969 1229 3018 eae
1247 2945 1379 3020 tabulae

267 3085 354 3158 quas
368 3062 475 3160 paulo
491 3085 598 3158 supra
614 3062 827 3150 memorari3
846 3060 1038 3134 nonnullas
1053 3059 1212 3158 ejusdem
1225 3062 1377 3158 generis,

267 3178 326 3253 sed
342 3185 442 3253 aetate
460 3182 698 3252 Romanorum
712 3179 911 3274 inscriptas,
925 3180 961 3251 iu
974 3178 1081 3251 aliam
1095 3184 1231 3274 partem
1244 3179 1378 3252 distuli.

314 3296 501 3370 Praecones
522 3303 556 3371 et
581 3295 769 3386 tubicines
791 3295 852 3392 qui
876 3295 1170 3392 primum-locum
1195 3295 1233 3367 in
1252 3293 1382 3368 tabulis

266 3411 426 3487 obtinere
449 3414 574 3504 solent,
602 3412 758 3509 collegiis
785 3412 1007 3486 scenicorum
1033 3434 1105 3485 non
1129 3409 1380 3484 adscribendos

267 3538 365 3627 puto,
388 3554 505 3628 neque
522 3532 732 3627 cujusquam
752 3529 869 3602 adhuc
884 3529 921 3600 in
936 3527 1011 3602 ullo
1031 3533 1265 3602 monumento
1280 3550 1381 3602 men-

268 3646 315 3718 tio
335 3651 474 3740 reperta
489 3650 550 3718 est.
571 3648 609 3716 ln
632 3643 775 3718 Soteriis
792 3643 885 3716 ludis
905 3645 979 3739 qui,
1002 3644 1077 3716 sine
1096 3644 1300 3730 certamine,
1317 3665 1381 3739 per

268 3785 382 3833 unum
403 3760 594 3858 collegium
618 3759 891 3857 peragebantur,
912 3758 1034 3831 nullus
1051 3765 1102 3833 est
1123 3782 1240 3855 praeco
1264 3780 1381 3855 neque

267 3876 427 3950 tubicen.
458 3876 622 3951 Ceterum
648 3899 773 3951 eorum
802 3876 986 3949 industriae
1005 3876 1123 3972 potius
1140 3875 1205 3948 luit
1225 3875 1323 3949 locus
1343 3875 1381 3947 in

268 3993 479 4068 exercitibus
507 3994 604 4066 etin
632 3992 882 4082 concionibus,
907 4000 941 4065 et
967 3991 1150 4089 probabile
1177 4000 1230 4064 est
1258 4015 1317 4066 eos
1344 3991 1381 4064 in

269 4109 417 4206 singulis
438 4108 638 4184 civitatibus
663 4110 858 4183 ministerio
882 4092 945 4182 suo
970 4108 1070 4205 luugi
1100 4107 1212 4181 solere
1239 4115 1272 4181 et
1298 4107 1381 4180 inde

269 4224 462 4323 aliquando
480 4226 522 4301 ad
538 4227 731 4300 certamina
750 4224 892 4322 prodire
916 4223 928 4324 (
954 4224 982 4324 ).

313 4430 351 4513 (l)
375 4433 479 4504 Quum
494 4448 596 4512 praeco
610 4436 642 4492 et
655 4429 782 4492 tubicen
794 4428 887 4491 simul
898 4427 1101 4490 nominentur
1112 4427 1264 4505 mattulis,
1274 4427 1384 4492 leviter

272 4527 485 4588 emendandus
508 4525 587 4587 mihi
608 4526 732 4587 videtur
755 4524 808 4586 ille
829 4525 916 4585 locus
939 4525 1066 4586 Senecae
1084 4546 1091 4584 :
1108 4547 1120 4581 a
1138 4527 1256 4585 Praeter
1280 4524 1383 4604 ipsum

270 4623 429 4683 theatrum
442 4621 727 4700 Neapolitanorum,
745 4625 781 4681 ut
794 4620 862 4690 scis,
879 4619 1105 4680 transeundum
1119 4623 1174 4690 est,
1186 4619 1385 4681 Metronactis

270 4715 451 4793 petentibus
465 4713 604 4776 domum.
620 4713 701 4776 Illud
716 4714 843 4794 quidem
856 4712 992 4776 farctum
1006 4718 1070 4790 est;
1085 4718 1116 4775 et
1130 4713 1252 4794 ingenti
1266 4713 1381 4783 studio,

1208 4828 1227 4888 5
